
%---------------------

@InProceedings{OriginFL,
	title = {Communication-Efficient Learning of Deep Networks from Decentralized Data},
	author =  {McMahan, Brendan and Moore, Eider and Ramage, Daniel and Hampson, Seth and Arcas, Blaise Aguera y},
	booktitle = {Proceedings of the 20th International Conference on Artificial Intelligence and Statistics},
	pages = {1273--1282},
	year = {2017},
	editor = {Singh, Aarti and Zhu, Jerry},
	volume = {54},
	series = {Proceedings of Machine Learning Research},
	month = {20--22 Apr},
	publisher =  {PMLR},
	pdf = {http://proceedings.mlr.press/v54/mcmahan17a/mcmahan17a.pdf},
	url = {https://proceedings.mlr.press/v54/mcmahan17a.html},	
}

@inproceedings{survey,
	author={Tian Li and Anit Kumar Sahu and Manzil Zaheer and Maziar Sanjabi and Ameet Talwalkar and Virginia Smith},
	title={Federated Optimization in Heterogeneous Networks},
	year={2020},
	cdate={1577836800000},
	url={https://proceedings.mlsys.org/book/316.pdf},
	booktitle={MLSys},
	crossref={conf/mlsys/2020}
}




%----
@article{abs-1811-03604,
	author    = {Andrew Hard and
	Kanishka Rao and
	Rajiv Mathews and
	Fran{\c{c}}oise Beaufays and
	Sean Augenstein and
	Hubert Eichner and
	Chlo{\'{e}} Kiddon and
	Daniel Ramage},
	title     = {Federated Learning for Mobile Keyboard Prediction},
	journal   = {CoRR},
	volume    = {abs/1811.03604},
	year      = {2018},
	url       = {http://arxiv.org/abs/1811.03604},
	eprinttype = {arXiv},
	eprint    = {1811.03604},
	timestamp = {Fri, 23 Nov 2018 12:43:51 +0100},
	biburl    = {https://dblp.org/rec/journals/corr/abs-1811-03604.bib},
	bibsource = {dblp computer science bibliography, https://dblp.org}
}

@book{yadav_federated_2022,
	address = {Cham},
	title = {Federated {Learning} for {IoT} {Applications}},
	isbn = {9783030855598 9783030855581},
	language = {English},
	publisher = {Springer International Publishing Imprint Springer.},
	author = {Yadav, Satya Prakash and Bhati, Bhoopesh Singh and Mahato, Dharmendra Prasad and Kumar, Sachin and {SpringerLink (Online service)}},
	year = {2022},
	note = {OCLC: 1295622946},
}

@article{feki_federated_2021,
	title = {Federated learning for {COVID}-19 screening from {Chest} {X}-ray images},
	volume = {106},
	issn = {15684946},
	url = {https://linkinghub.elsevier.com/retrieve/pii/S1568494621002532},
	doi = {10.1016/j.asoc.2021.107330},
	language = {en},
	urldate = {2022-02-12},
	journal = {Applied Soft Computing},
	author = {Feki, Ines and Ammar, Sourour and Kessentini, Yousri and Muhammad, Khan},
	month = jul,
	year = {2021},
	pages = {107330},
}

@article{zhai_dynamic_2021,
	title = {Dynamic {Federated} {Learning} for {GMEC} {With} {Time}-{Varying} {Wireless} {Link}},
	volume = {9},
	issn = {2169-3536},
	url = {https://ieeexplore.ieee.org/document/9317862/},
	doi = {10.1109/ACCESS.2021.3050172},
	urldate = {2022-02-12},
	journal = {IEEE Access},
	author = {Zhai, Shaolei and Jin, Xin and Wei, Ling and Luo, Hongxuan and Cao, Min},
	year = {2021},
	pages = {10400--10412},
}


%-----non-iid performance reduction
@article{ZHU2021371,
	title = {Federated learning on non-IID data: A survey},
	journal = {Neurocomputing},
	volume = {465},
	pages = {371-390},
	year = {2021},
	issn = {0925-2312},
	doi = {https://doi.org/10.1016/j.neucom.2021.07.098},
	url = {https://www.sciencedirect.com/science/article/pii/S0925231221013254},
	author = {Hangyu Zhu and Jinjin Xu and Shiqing Liu and Yaochu Jin},
	keywords = {Federated learning, Machine learning, Non-IID data, Privacy preservation},
}

@INPROCEEDINGS{9155494,
	author={Wang, Hao and Kaplan, Zakhary and Niu, Di and Li, Baochun},
	booktitle={IEEE INFOCOM 2020 - IEEE Conference on Computer Communications}, 
	title={Optimizing Federated Learning on Non-IID Data with Reinforcement Learning}, 
	year={2020},
	volume={},
	number={},
	pages={1698-1707},
	doi={10.1109/INFOCOM41043.2020.9155494}}


@article{abs-2005-11418,
	author    = {Xinwei Zhang and
	Mingyi Hong and
	Sairaj V. Dhople and
	Wotao Yin and
	Yang Liu},
	title     = {FedPD: {A} Federated Learning Framework with Optimal Rates and Adaptivity
	to Non-IID Data},
	journal   = {CoRR},
	volume    = {abs/2005.11418},
	year      = {2020},
	url       = {https://arxiv.org/abs/2005.11418},
	eprinttype = {arXiv},
	eprint    = {2005.11418},
	timestamp = {Tue, 11 Jan 2022 16:58:16 +0100},
	biburl    = {https://dblp.org/rec/journals/corr/abs-2005-11418.bib},
	bibsource = {dblp computer science bibliography, https://dblp.org}
}

@article{abs-2102-02079,
	author    = {Qinbin Li and
	Yiqun Diao and
	Quan Chen and
	Bingsheng He},
	title     = {Federated Learning on Non-IID Data Silos: An Experimental Study},
	journal   = {CoRR},
	volume    = {abs/2102.02079},
	year      = {2021},
	url       = {https://arxiv.org/abs/2102.02079},
	eprinttype = {arXiv},
	eprint    = {2102.02079},
	timestamp = {Tue, 09 Feb 2021 13:35:56 +0100},
	biburl    = {https://dblp.org/rec/journals/corr/abs-2102-02079.bib},
	bibsource = {dblp computer science bibliography, https://dblp.org}
}



@article{Sahu2018OnTC,
	title={On the Convergence of Federated Optimization in Heterogeneous Networks},
	author={Anit Kumar Sahu and Tian Li and Maziar Sanjabi and Manzil Zaheer and Ameet S. Talwalkar and Virginia Smith},
	journal={ArXiv},
	year={2018},
	volume={abs/1812.06127}
}

@ARTICLE {9392310,
	author = {S. Itahara and T. Nishio and Y. Koda and M. Morikura and K. Yamamoto},
	journal = {IEEE Transactions on Mobile Computing},
	title = {Distillation-Based Semi-Supervised Federated Learning for Communication-Efficient Collaborative Training with Non-IID Private Data},
	year = {2021},
	volume = {},
	number = {01},
	issn = {1558-0660},
	pages = {1-1},
	keywords = {data models;benchmark testing;performance evaluation;mobile handsets;training;computational modeling;convergence, augumentation},
	doi = {10.1109/TMC.2021.3070013},
	publisher = {IEEE Computer Society},
	address = {Los Alamitos, CA, USA},
	month = {mar}
}
@article{abs_1905_06641,
	author    = {Lumin Liu and
	Jun Zhang and
	Shenghui Song and
	Khaled Ben Letaief},
	title     = {Edge-Assisted Hierarchical Federated Learning with Non-IID Data},
	journal   = {CoRR},
	volume    = {abs/1905.06641},
	year      = {2019},
	eprint    = {1905.06641},
	timestamp = {Thu, 18 Mar 2021 13:45:07 +0100},
	biburl    = {https://dblp.org/rec/journals/corr/abs-1905-06641.bib},
	bibsource = {dblp computer science bibliography, https://dblp.org}
}

@article{Shen2020FederatedML,
	title={Federated Mutual Learning},
	author={Tao Shen and J. Zhang and Xinkang Jia and Fengda Zhang and Gang Huang and Pan Zhou and Fei Wu and Chao Wu},
	journal={ArXiv},
	year={2020},
	volume={abs/2006.16765}
}

@article{Zhao2018FederatedLW,
	title={Federated Learning with Non-IID Data},
	author={Yue Zhao and Meng Li and Liangzhen Lai and Naveen Suda and Damon Civin and Vikas Chandra},
	journal={ArXiv},
	year={2018},
	volume={abs/1806.00582}
}


@inproceedings{li2021fedbn,
	title={Fed{BN}: Federated Learning on Non-{IID} Features via Local Batch Normalization},
	author={Xiaoxiao Li and Meirui JIANG and Xiaofei Zhang and Michael Kamp and Qi Dou},
	booktitle={International Conference on Learning Representations},
	year={2021},
	url={https://openreview.net/forum?id=6YEQUn0QICG}
}


@inbook{fedDNA,
	author = {Duan, Jian-Hui and Li, Wenzhong and Lu, Sanglu},
	year = {2021},
	month = {09},
	pages = {722-737},
	title = {FedDNA: Federated Learning with Decoupled Normalization-Layer Aggregation for Non-IID Data},
	isbn = {978-3-030-86485-9},
	doi = {10.1007/978-3-030-86486-6_44}
}

@article{FedProx,
	author    = {Anit Kumar Sahu and
	Tian Li and
	Maziar Sanjabi and
	Manzil Zaheer and
	Ameet Talwalkar and
	Virginia Smith},
	title     = {On the Convergence of Federated Optimization in Heterogeneous Networks},
	journal   = {CoRR},
	volume    = {abs/1812.06127},
	year      = {2018},
	url       = {http://arxiv.org/abs/1812.06127},
	eprinttype = {arXiv},
	eprint    = {1812.06127},
	timestamp = {Wed, 23 Dec 2020 09:35:18 +0100},
	biburl    = {https://dblp.org/rec/journals/corr/abs-1812-06127.bib},
	bibsource = {dblp computer science bibliography, https://dblp.org}
}

@InProceedings{MADE,
	title = 	 {MADE: Masked Autoencoder for Distribution Estimation},
	author = 	 {Germain, Mathieu and Gregor, Karol and Murray, Iain and Larochelle, Hugo},
	booktitle = 	 {Proceedings of the 32nd International Conference on Machine Learning},
	pages = 	 {881--889},
	year = 	 {2015},
	editor = 	 {Bach, Francis and Blei, David},
	volume = 	 {37},
	series = 	 {Proceedings of Machine Learning Research},
	address = 	 {Lille, France},
	month = 	 {07--09 Jul},
	publisher =    {PMLR},
	url = 	 {https://proceedings.mlr.press/v37/germain15.html},
}




@inproceedings{noauthor_empirical_2021,
	author = {Jin, Chi and Liu, Lydia T. and Ge, Rong and Jordan, Michael I},
	booktitle = {Advances in Neural Information Processing Systems},
	editor = {S. Bengio and H. Wallach and H. Larochelle and K. Grauman and N. Cesa-Bianchi and R. Garnett},
	publisher = {Curran Associates, Inc.},
	title = {On the Local Minima of the Empirical Risk},
	volume = {31},
	year = {2018}
}




@book{densityratiobook, place={Cambridge}, title={Density Ratio Estimation in Machine Learning}, DOI={10.1017/CBO9781139035613}, publisher={Cambridge University Press}, author={Sugiyama, Masashi and Suzuki, Taiji and Kanamori, Takafumi}, year={2012}}


@InProceedings{densityratio,
	title = 	 {Linking losses for density ratio and class-probability estimation},
	author = 	 {Menon, Aditya and Ong, Cheng Soon},
	booktitle = 	 {Proceedings of The 33rd International Conference on Machine Learning},
	pages = 	 {304--313},
	year = 	 {2016},
	editor = 	 {Balcan, Maria Florina and Weinberger, Kilian Q.},
	volume = 	 {48},
	series = 	 {Proceedings of Machine Learning Research},
	address = 	 {New York, New York, USA},
	month = 	 {20--22 Jun},
	publisher =    {PMLR},
	pdf = 	 {http://proceedings.mlr.press/v48/menon16.pdf},
	url = 	 {https://proceedings.mlr.press/v48/menon16.html},
	
}


@article{deng2012mnist,
	title={The mnist database of handwritten digit images for machine learning research},
	author={Deng, Li},
	journal={IEEE Signal Processing Magazine},
	volume={29},
	number={6},
	pages={141--142},
	year={2012},
	publisher={IEEE}
} 

@article{syntheticdigits,
	title={Effects of Degradations on Deep Neural Network Architectures},
	author={Roy, Prasun and Ghosh, Subhankar and Bhattacharya, Saumik and Pal, Umapada},
	journal={arXiv preprint arXiv:1807.10108},
	year={2018}
	
}

@ARTICLE{usps,
	author={Hull, J.J.},
	journal={IEEE Transactions on Pattern Analysis and Machine Intelligence}, 
	title={A database for handwritten text recognition research}, 
	year={1994},
	volume={16},
	number={5},
	pages={550-554},
	doi={10.1109/34.291440}}

@article{cnn,
	author    = {Keiron O'Shea and
	Ryan Nash},
	title     = {An Introduction to Convolutional Neural Networks},
	journal   = {CoRR},
	volume    = {abs/1511.08458},
	year      = {2015},
	url       = {http://arxiv.org/abs/1511.08458},
	eprinttype = {arXiv},
	eprint    = {1511.08458},
	timestamp = {Mon, 13 Aug 2018 16:46:52 +0200},
	biburl    = {https://dblp.org/rec/journals/corr/OSheaN15.bib},
	bibsource = {dblp computer science bibliography, https://dblp.org}
}

@misc{mnist_m,
	title={Domain-Adversarial Training of Neural Networks}, 
	author={Yaroslav Ganin and Evgeniya Ustinova and Hana Ajakan and Pascal Germain and Hugo Larochelle and François Laviolette and Mario Marchand and Victor Lempitsky},
	year={2016},
	eprint={1505.07818},
	archivePrefix={arXiv},
	primaryClass={stat.ML}
}


@inproceedings{svhn,
	title	= {Reading Digits in Natural Images with Unsupervised Feature Learning},
	author	= {Yuval Netzer and Tao Wang and Adam Coates and Alessandro Bissacco and Bo Wu and Andrew Y. Ng},
	year	= {2011},
	URL	= {http://ufldl.stanford.edu/housenumbers/nips2011_housenumbers.pdf},
	booktitle	= {NIPS Workshop on Deep Learning and Unsupervised Feature Learning 2011}
}



@article{fednova,
	title = {"Tackling the objective inconsistency problem in heterogeneous federated optimization"},
	author ={ "Jianyu Wang and Qinghua Liu and Hao Liang and Gauri Joshi and Vincent Poor, H."},
	year = {"2020"},
	language = {"English (US)"},
	volume = {"2020-December"},
	journal ={ "Advances in Neural Information Processing Systems"},
	issn = {"1049-5258"},
	
}


@InProceedings{AFL,
	title = 	 {Agnostic Federated Learning},
	author =       {Mohri, Mehryar and Sivek, Gary and Suresh, Ananda Theertha},
	booktitle = 	 {Proceedings of the 36th International Conference on Machine Learning},
	pages = 	 {4615--4625},
	year = 	 {2019},
	editor = 	 {Chaudhuri, Kamalika and Salakhutdinov, Ruslan},
	volume = 	 {97},
	series = 	 {Proceedings of Machine Learning Research},
	month = 	 {09--15 Jun},
	publisher =    {PMLR},
	pdf = 	 {http://proceedings.mlr.press/v97/mohri19a/mohri19a.pdf},
	url = 	 {https://proceedings.mlr.press/v97/mohri19a.html},
	
}

@inproceedings{
	fedma,
	title={Federated Learning with Matched Averaging},
	author={Hongyi Wang and Mikhail Yurochkin and Yuekai Sun and Dimitris Papailiopoulos and Yasaman Khazaeni},
	booktitle={International Conference on Learning Representations},
	year={2020},
	url={https://openreview.net/forum?id=BkluqlSFDS}
}


@InProceedings{pfnm,
	title = 	 {{B}ayesian Nonparametric Federated Learning of Neural Networks},
	author =       {Yurochkin, Mikhail and Agarwal, Mayank and Ghosh, Soumya and Greenewald, Kristjan and Hoang, Nghia and Khazaeni, Yasaman},
	booktitle = 	 {Proceedings of the 36th International Conference on Machine Learning},
	pages = 	 {7252--7261},
	year = 	 {2019},
	editor = 	 {Chaudhuri, Kamalika and Salakhutdinov, Ruslan},
	volume = 	 {97},
	series = 	 {Proceedings of Machine Learning Research},
	month = 	 {09--15 Jun},
	publisher =    {PMLR},
	pdf = 	 {http://proceedings.mlr.press/v97/yurochkin19a/yurochkin19a.pdf},
	url = 	 {https://proceedings.mlr.press/v97/yurochkin19a.html},
}

@article{covid19,
	author    = {Muhammad Enamul Hoque Chowdhury and
	Tawsifur Rahman and
	Amith Khandakar and
	Rashid Mazhar and
	Muhammad Abdul Kadir and
	Zaid Bin Mahbub and
	Khandakar Reajul Islam and
	Muhammad Salman Khan and
	Atif Iqbal and
	Nasser Al{-}Emadi and
	Mamun Bin Ibne Reaz},
	title     = {Can {AI} help in screening Viral and {COVID-19} pneumonia?},
	journal   = {CoRR},
	volume    = {abs/2003.13145},
	year      = {2020},
	url       = {https://arxiv.org/abs/2003.13145},
	eprinttype = {arXiv},
	eprint    = {2003.13145},
	timestamp = {Thu, 29 Apr 2021 11:54:38 +0200},
	biburl    = {https://dblp.org/rec/journals/corr/abs-2003-13145.bib},
	bibsource = {dblp computer science bibliography, https://dblp.org}
}

@article{Shenzhen,
	author = {Jaeger, Stefan and Candemir, Sema and Antani, Sameer and Wáng, Yì-Xiáng and Lu, Pu-Xuan and Thoma, George},
	year = {2014},
	month = {12},
	pages = {475-7},
	title = {Two public chest X-ray datasets for computer-aided screening of pulmonary diseases},
	volume = {4},
	journal = {Quantitative imaging in medicine and surgery},
	doi = {10.3978/j.issn.2223-4292.2014.11.20}
}

@inproceedings{Kermany2018LabeledOC,
	title={Labeled Optical Coherence Tomography (OCT) and Chest X-Ray Images for Classification},
	author={Daniel S. Kermany and Kang Zhang and Michael H. Goldbaum},
	year={2018}
}


@article{FedProto, title={Fedproto: Federated Prototype Learning across heterogeneous clients}, volume={36}, DOI={10.1609/aaai.v36i8.20819}, number={8}, journal={Proceedings of the AAAI Conference on Artificial Intelligence}, author={Tan, Yue and Long, Guodong and LIU, LU and Zhou, Tianyi and Lu, Qinghua and Jiang, Jing and Zhang, Chengqi}, year={2022}, pages={8432–8440}} 

@inproceedings{
	FedRod,
	title={On Bridging Generic and Personalized Federated Learning for Image Classification},
	author={Hong-You Chen and Wei-Lun Chao},
	booktitle={International Conference on Learning Representations},
	year={2022},
	url={https://openreview.net/forum?id=I1hQbx10Kxn}
}


@article{cifar10,
	title= {CIFAR-10 (Canadian Institute for Advanced Research)},
	journal= {},
	author= {Alex Krizhevsky and Vinod Nair and Geoffrey Hinton},
	year= {},
	url= {http://www.cs.toronto.edu/~kriz/cifar.html},
	abstract= {The CIFAR-10 dataset consists of 60000 32x32 colour images in 10 classes, with 6000 images per class. There are 50000 training images and 10000 test images. 
	
	The dataset is divided into five training batches and one test batch, each with 10000 images. The test batch contains exactly 1000 randomly-selected images from each class. The training batches contain the remaining images in random order, but some training batches may contain more images from one class than another. Between them, the training batches contain exactly 5000 images from each class. },
	keywords= {Dataset},
	terms= {}
}


%----------------------------------------------Chapter2

@article{bria_addressing_2020,
	title = {Addressing class imbalance in deep learning for small lesion detection on medical images},
	volume = {120},
	issn = {00104825},
	url = {https://linkinghub.elsevier.com/retrieve/pii/S0010482520301177},
	doi = {10.1016/j.compbiomed.2020.103735},
	language = {en},
	urldate = {2021-05-25},
	journal = {Computers in Biology and Medicine},
	author = {Bria, Alessandro and Marrocco, Claudio and Tortorella, Francesco},
	month = may,
	year = {2020},
	pages = {103735},
}

@article{ya-guan_emsgd:_2020,
	title = {{EMSGD}: {An} {Improved} {Learning} {Algorithm} of {Neural} {Networks} {With} {Imbalanced} {Data}},
	volume = {8},
	issn = {2169-3536},
	shorttitle = {{EMSGD}},
	url = {https://ieeexplore.ieee.org/document/9055020/},
	doi = {10.1109/ACCESS.2020.2985097},
	urldate = {2021-05-25},
	journal = {IEEE Access},
	author = {Ya-Guan, Qian and Jun, Ma and Xi-Min, Zhang and Jun, Pan and Wu-Jie, Zhou and Shu-Hui, Wu and Ben-Sheng, Yun and Jing-Sheng, Lei},
	year = {2020},
	pages = {64086--64098},
}


@article{liu_high-performance_2020,
	title = {High-{Performance} {Machine} {Learning} for {Large}-{Scale} {Data} {Classification} considering {Class} {Imbalance}},
	volume = {2020},
	issn = {1058-9244, 1875-919X},
	url = {https://www.hindawi.com/journals/sp/2020/1953461/},
	doi = {10.1155/2020/1953461},
	language = {en},
	urldate = {2021-05-25},
	journal = {Scientific Programming},
	author = {Liu, Yang and Li, Xiang and Chen, Xianbang and Wang, Xi and Li, Huaqiang},
	month = may,
	year = {2020},
	pages = {1--16},
}


@inproceedings{cui_class-balanced_2019,
	address = {Long Beach, CA, USA},
	title = {Class-{Balanced} {Loss} {Based} on {Effective} {Number} of {Samples}},
	isbn = {9781728132938},
	url = {https://ieeexplore.ieee.org/document/8953804/},
	doi = {10.1109/CVPR.2019.00949},
	urldate = {2021-05-26},
	booktitle = {2019 {IEEE}/{CVF} {Conference} on {Computer} {Vision} and {Pattern} {Recognition} ({CVPR})},
	publisher = {IEEE},
	author = {Cui, Yin and Jia, Menglin and Lin, Tsung-Yi and Song, Yang and Belongie, Serge},
	month = jun,
	year = {2019},
	pages = {9260--9269},
}



@inproceedings{huang_learning_2016,
	address = {Las Vegas, NV, USA},
	title = {Learning {Deep} {Representation} for {Imbalanced} {Classification}},
	isbn = {9781467388511},
	url = {http://ieeexplore.ieee.org/document/7780949/},
	doi = {10.1109/CVPR.2016.580},
	urldate = {2021-05-26},
	booktitle = {2016 {IEEE} {Conference} on {Computer} {Vision} and {Pattern} {Recognition} ({CVPR})},
	publisher = {IEEE},
	author = {Huang, Chen and Li, Yining and Loy, Chen Change and Tang, Xiaoou},
	month = jun,
	year = {2016},
	pages = {5375--5384},
}



@inproceedings{rangarajan_sridhar_unsupervised_2015,
	address = {Denver, Colorado},
	title = {Unsupervised {Text} {Normalization} {Using} {Distributed} {Representations} of {Words} and {Phrases}},
	url = {http://aclweb.org/anthology/W15-1502},
	doi = {10.3115/v1/W15-1502},
	language = {en},
	urldate = {2021-05-26},
	booktitle = {Proceedings of the 1st {Workshop} on {Vector} {Space} {Modeling} for {Natural} {Language} {Processing}},
	publisher = {Association for Computational Linguistics},
	author = {Rangarajan Sridhar, Vivek Kumar},
	year = {2015},
	pages = {8--16},
}

@article{DBLP:journals/corr/abs-1805-00932,
	author    = {Dhruv Mahajan and
	Ross B. Girshick and
	Vignesh Ramanathan and
	Kaiming He and
	Manohar Paluri and
	Yixuan Li and
	Ashwin Bharambe and
	Laurens van der Maaten},
	title     = {Exploring the Limits of Weakly Supervised Pretraining},
	journal   = {CoRR},
	volume    = {abs/1805.00932},
	year      = {2018},
	url       = {http://arxiv.org/abs/1805.00932},
	archivePrefix = {arXiv},
	eprint    = {1805.00932},
	timestamp = {Mon, 28 Sep 2020 08:19:37 +0200},
	biburl    = {https://dblp.org/rec/journals/corr/abs-1805-00932.bib},
	bibsource = {dblp computer science bibliography, https://dblp.org}
}

%% Discriminative active learning DAL
@misc{DAL,
	title={Discriminative Active Learning},
	author={Daniel Gissin and Shai Shalev-Shwartz},
	year={2019},
	url={https://openreview.net/forum?id=rJl-HsR9KX},
}

%SMOTE
@article{chawla_smote:_2002,
	title = {{SMOTE}: {Synthetic} {Minority} {Over}-sampling {Technique}},
	volume = {16},
	issn = {1076-9757},
	shorttitle = {{SMOTE}},
	url = {https://www.jair.org/index.php/jair/article/view/10302},
	doi = {10.1613/jair.953},
	urldate = {2021-05-28},
	journal = {Journal of Artificial Intelligence Research},
	author = {Chawla, N. V. and Bowyer, K. W. and Hall, L. O. and Kegelmeyer, W. P.},
	month = jun,
	year = {2002},
	pages = {321--357},
}


%% Entropy
@article{shannon_mathematical_1948,
	title = {A {Mathematical} {Theory} of {Communication}},
	volume = {27},
	issn = {00058580},
	url = {https://ieeexplore.ieee.org/document/6773024},
	doi = {10.1002/j.1538-7305.1948.tb01338.x},
	language = {en},
	number = {3},
	urldate = {2021-08-16},
	journal = {Bell System Technical Journal},
	author = {Shannon, C. E.},
	month = jul,
	year = {1948},
	pages = {379--423},
}

%%BOrder SMOTE
@InProceedings{bordersmote,
	author={"Han, Hui
	and Wang, Wen-Yuan
	and Mao, Bing-Huan",
	editor="Huang, De-Shuang
	and Zhang, Xiao-Ping
	and Huang, Guang-Bin"},
	title={"Borderline-SMOTE: A New Over-Sampling Method in Imbalanced Data Sets Learning"},
	booktitle={"Advances in Intelligent Computing"},
	year={"2005"},
	publisher={"Springer Berlin Heidelberg"},
	address={"Berlin, Heidelberg"},
	pages={"878--887"},
	isbn={"978-3-540-31902-3"}
}


%% Issues in SMOTE and border-SMOTE
@misc{goswami_class_2020,
	title = {Class {Imbalance}, {SMOTE}, {Borderline} {SMOTE}, {ADASYN}},
	url = {https://towardsdatascience.com/class-imbalance-smote-borderline-smote-adasyn-6e36c78d804},
	abstract = {Class imbalance can put our algorithm off balance},
	language = {en},
	urldate = {2021-08-06},
	journal = {Medium},
	author = {Goswami, Dr Saptarsi},
	month = nov,
	year = {2020},
}

%% resampling methods
@article{DBLP:journals/corr/ShenLH15,
	author    = {Li Shen and
	Zhouchen Lin and
	Qingming Huang},
	title     = {Learning Deep Convolutional Neural Networks for Places2 Scene Recognition},
	journal   = {CoRR},
	volume    = {abs/1512.05830},
	year      = {2015},
	url       = {http://arxiv.org/abs/1512.05830},
	archivePrefix = {arXiv},
	eprint    = {1512.05830},
	timestamp = {Mon, 13 Aug 2018 16:48:53 +0200},
	biburl    = {https://dblp.org/rec/journals/corr/ShenLH15.bib},
	bibsource = {dblp computer science bibliography, https://dblp.org}
}

@article{DBLP:journals/corr/abs-1711-00941,
	author    = {Yonatan Geifman and
	Ran El{-}Yaniv},
	title     = {Deep Active Learning over the Long Tail},
	journal   = {CoRR},
	volume    = {abs/1711.00941},
	year      = {2017},
	url       = {http://arxiv.org/abs/1711.00941},
	archivePrefix = {arXiv},
	eprint    = {1711.00941},
	timestamp = {Mon, 13 Aug 2018 16:46:55 +0200},
	biburl    = {https://dblp.org/rec/journals/corr/abs-1711-00941.bib},
	bibsource = {dblp computer science bibliography, https://dblp.org}
}

@article{haibo_he_learning_2009,
	title = {Learning from {Imbalanced} {Data}},
	volume = {21},
	issn = {1041-4347},
	url = {http://ieeexplore.ieee.org/document/5128907/},
	doi = {10.1109/TKDE.2008.239},
	number = {9},
	urldate = {2021-05-28},
	journal = {IEEE Transactions on Knowledge and Data Engineering},
	author = {{Haibo He} and Garcia, E.A.},
	month = sep,
	year = {2009},
	pages = {1263--1284},
}

@article{li_entropy-based_2020,
	title = {Entropy-based {Sampling} {Approaches} for {Multi}-{Class} {Imbalanced} {Problems}},
	volume = {32},
	issn = {1041-4347, 1558-2191, 2326-3865},
	url = {https://ieeexplore.ieee.org/document/8703114/},
	doi = {10.1109/TKDE.2019.2913859},
	number = {11},
	urldate = {2021-05-28},
	journal = {IEEE Transactions on Knowledge and Data Engineering},
	author = {Li, Lusi and He, Haibo and Li, Jie},
	month = nov,
	year = {2020},
	pages = {2159--2170},
}


%% ADASYN
@INPROCEEDINGS{ADASYN,
	author={Haibo He and Yang Bai and Garcia, Edwardo A. and Shutao Li},
	booktitle={2008 IEEE International Joint Conference on Neural Networks (IEEE World Congress on Computational Intelligence)}, 
	title={ADASYN: Adaptive synthetic sampling approach for imbalanced learning}, 
	year={2008},
	volume={},
	number={},
	pages={1322-1328},
	doi={10.1109/IJCNN.2008.4633969}}


%% Active Learning for Class Imbalance Problem
@inproceedings{ertekin_active_2007,
	address = {Amsterdam, The Netherlands},
	title = {Active learning for class imbalance problem},
	isbn = {9781595935977},
	url = {http://portal.acm.org/citation.cfm?doid=1277741.1277927},
	doi = {10.1145/1277741.1277927},
	language = {en},
	urldate = {2021-05-28},
	booktitle = {Proceedings of the 30th annual international {ACM} {SIGIR} conference on {Research} and development in information retrieval - {SIGIR} '07},
	publisher = {ACM Press},
	author = {Ertekin, Seyda and Huang, Jian and Giles, C. Lee},
	year = {2007},
	pages = {823},
}

%% Active learning for Image classification under class imbalance
@inproceedings{zhang_similarity-based_2018,
	address = {Singapore},
	title = {Similarity-{Based} {Active} {Learning} for {Image} {Classification} {Under} {Class} {Imbalance}},
	isbn = {9781538691595},
	url = {https://ieeexplore.ieee.org/document/8595005/},
	doi = {10.1109/ICDM.2018.00196},
	urldate = {2021-05-28},
	booktitle = {2018 {IEEE} {International} {Conference} on {Data} {Mining} ({ICDM})},
	publisher = {IEEE},
	author = {Zhang, Chuanhai and Tavanapong, Wallapak and Kijkul, Gavin and Wong, Johnny and de Groen, Piet C. and Oh, JungHwan},
	month = nov,
	year = {2018},
	pages = {1422--1427},
}


%%%% GENRATIVE approaches 


%% generative approaches are better than others
@inproceedings{DBLP:conf/dmin/LiuGM07,
	author    = {Alexander Liu and
	Joydeep Ghosh and
	Cheryl E. Martin},
	editor    = {Robert Stahlbock and
	Sven F. Crone and
	Stefan Lessmann},
	title     = {Generative Oversampling for Mining Imbalanced Datasets},
	booktitle = {Proceedings of the 2007 International Conference on Data Mining, {DMIN}
	2007, June 25-28, 2007, Las Vegas, Nevada, {USA}},
	pages     = {66--72},
	publisher = {{CSREA} Press},
	year      = {2007},
	timestamp = {Tue, 16 Aug 2011 14:56:58 +0200},
	biburl    = {https://dblp.org/rec/conf/dmin/LiuGM07.bib},
	bibsource = {dblp computer science bibliography, https://dblp.org}
}



%% VOS autoencoder oversampling
@article{rashid_convergence_2012,
	title = {Convergence analysis of a method for variational inclusions},
	volume = {91},
	issn = {0003-6811, 1563-504X},
	url = {https://www.tandfonline.com/doi/full/10.1080/00036811.2011.618127},
	doi = {10.1080/00036811.2011.618127},
	language = {en},
	number = {10},
	urldate = {2021-05-28},
	journal = {Applicable Analysis},
	author = {Rashid, M.H. and Wang, J.H. and Li, C.},
	month = oct,
	year = {2012},
	pages = {1943--1956},
}


@inproceedings{dai_generative_2019,
	address = {Beijing, China},
	title = {Generative {Oversampling} with a {Contrastive} {Variational} {Autoencoder}},
	isbn = {9781728146041},
	url = {https://ieeexplore.ieee.org/document/8970705/},
	doi = {10.1109/ICDM.2019.00020},
	urldate = {2021-05-28},
	booktitle = {2019 {IEEE} {International} {Conference} on {Data} {Mining} ({ICDM})},
	publisher = {IEEE},
	author = {Dai, Wangzhi and Ng, Kenney and Severson, Kristen and Huang, Wei and Anderson, Fred and Stultz, Collin},
	month = nov,
	year = {2019},
	pages = {101--109},
}

@inproceedings{mullick_generative_2019,
	address = {Seoul, Korea (South)},
	title = {Generative {Adversarial} {Minority} {Oversampling}},
	isbn = {9781728148038},
	url = {https://ieeexplore.ieee.org/document/9008836/},
	doi = {10.1109/ICCV.2019.00178},
	urldate = {2021-05-28},
	booktitle = {2019 {IEEE}/{CVF} {International} {Conference} on {Computer} {Vision} ({ICCV})},
	publisher = {IEEE},
	author = {Mullick, Sankha Subhra and Datta, Shounak and Das, Swagatam},
	month = oct,
	year = {2019},
	pages = {1695--1704},
}



%% Exemplar VAE
@inproceedings{NEURIPS2020_63c17d59,
	author = {Norouzi, Sajad and Fleet, David J and Norouzi, Mohammad},
	booktitle = {Advances in Neural Information Processing Systems},
	editor = {H. Larochelle and M. Ranzato and R. Hadsell and M. F. Balcan and H. Lin},
	pages = {8753--8764},
	publisher = {Curran Associates, Inc.},
	title = {Exemplar VAE: Linking Generative Models, Nearest Neighbor Retrieval, and Data Augmentation},
	url = {https://proceedings.neurips.cc/paper/2020/file/63c17d596f401acb520efe4a2a7a01ee-Paper.pdf},
	volume = {33},
	year = {2020}
}


%%active learning for class imbalance
@inproceedings{ertekin_learning_2007,
	address = {Lisbon, Portugal},
	title = {Learning on the border: active learning in imbalanced data classification},
	isbn = {9781595938039},
	shorttitle = {Learning on the border},
	url = {http://portal.acm.org/citation.cfm?doid=1321440.1321461},
	doi = {10.1145/1321440.1321461},
	language = {en},
	urldate = {2021-06-02},
	booktitle = {Proceedings of the sixteenth {ACM} conference on {Conference} on information and knowledge management  - {CIKM} '07},
	publisher = {ACM Press},
	author = {Ertekin, Seyda and Huang, Jian and Bottou, Leon and Giles, Lee},
	year = {2007},
	pages = {127},
}


@inproceedings{aggarwal_active_2020,
	address = {Snowmass Village, CO, USA},
	title = {Active {Learning} for {Imbalanced} {Datasets}},
	isbn = {9781728165530},
	url = {https://ieeexplore.ieee.org/document/9093475/},
	doi = {10.1109/WACV45572.2020.9093475},
	urldate = {2021-06-02},
	booktitle = {2020 {IEEE} {Winter} {Conference} on {Applications} of {Computer} {Vision} ({WACV})},
	publisher = {IEEE},
	author = {Aggarwal, Umang and Popescu, Adrian and Hudelot, Celine},
	month = mar,
	year = {2020},
	pages = {1417--1426},
}


%%Active learning by querying informative examples
@article{huang_active_2014,
	title = {Active {Learning} by {Querying} {Informative} and {Representative} {Examples}},
	volume = {36},
	issn = {0162-8828, 2160-9292},
	url = {http://ieeexplore.ieee.org/document/6747346/},
	doi = {10.1109/TPAMI.2014.2307881},
	number = {10},
	urldate = {2021-06-06},
	journal = {IEEE Transactions on Pattern Analysis and Machine Intelligence},
	author = {Huang, Sheng-Jun and Jin, Rong and Zhou, Zhi-Hua},
	month = oct,
	year = {2014},
	pages = {1936--1949},
}


@ARTICLE{7393573,
	author={Qiu, Zhicong and Miller, David J. and Kesidis, George},
	journal={IEEE Transactions on Neural Networks and Learning Systems}, 
	title={A Maximum Entropy Framework for Semisupervised and Active Learning With Unknown and Label-Scarce Classes}, 
	year={2017},
	volume={28},
	number={4},
	pages={917-933},
	doi={10.1109/TNNLS.2016.2514401}}

@inproceedings{settles_analysis_2008,
	address = {Honolulu, Hawaii},
	title = {An analysis of active learning strategies for sequence labeling tasks},
	url = {http://portal.acm.org/citation.cfm?doid=1613715.1613855},
	doi = {10.3115/1613715.1613855},
	language = {en},
	urldate = {2021-06-06},
	booktitle = {Proceedings of the {Conference} on {Empirical} {Methods} in {Natural} {Language} {Processing} - {EMNLP} '08},
	publisher = {Association for Computational Linguistics},
	author = {Settles, Burr and Craven, Mark},
	year = {2008},
	pages = {1070},
}



%  Margin active learning
@InProceedings{marginal_AL,
	author={"Scheffer, Tobias
	and Decomain, Christian
	and Wrobel, Stefan",
	editor="Hoffmann, Frank
	and Hand, David J.
	and Adams, Niall
	and Fisher, Douglas
	and Guimaraes, Gabriela"},
	title={"Active Hidden Markov Models for Information Extraction"},
	booktitle={"Advances in Intelligent Data Analysis"},
	year={"2001"},
	publisher={"Springer Berlin Heidelberg"},
	address={"Berlin, Heidelberg"},
	pages={"309--318"},
}


% An introduction to Topological Data Analysis: fundamental
% and practical aspects for data scientists
@article{leroueil_compressibility_1996,
	title = {Compressibility of {Clays}: {Fundamental} and {Practical} {Aspects}},
	volume = {122},
	issn = {0733-9410, 1944-8368},
	shorttitle = {Compressibility of {Clays}},
	url = {http://ascelibrary.org/doi/10.1061/%28ASCE%290733-9410%281996%29122%3A7%28534%29},
	doi = {10.1061/(ASCE)0733-9410(1996)122:7(534)},
	language = {en},
	number = {7},
	urldate = {2021-06-14},
	journal = {Journal of Geotechnical Engineering},
	author = {Leroueil, S.},
	month = jul,
	year = {1996},
	pages = {534--543},
}

%%Conditional Variational Autoencoder
@inproceedings{NIPS2015_8d55a249,
	author = {Sohn, Kihyuk and Lee, Honglak and Yan, Xinchen},
	booktitle = {Advances in Neural Information Processing Systems},
	editor = {C. Cortes and N. Lawrence and D. Lee and M. Sugiyama and R. Garnett},
	pages = {},
	publisher = {Curran Associates, Inc.},
	title = {Learning Structured Output Representation using Deep Conditional Generative Models},
	url = {https://proceedings.neurips.cc/paper/2015/file/8d55a249e6baa5c06772297520da2051-Paper.pdf},
	volume = {28},
	year = {2015}
}

%% (VAE) Auto Encoding Variational Bayes
@misc{vae,
	title={Auto-Encoding Variational Bayes}, 
	author={Diederik P Kingma and Max Welling},
	year={2014},
	eprint={1312.6114},
	archivePrefix={arXiv},
	primaryClass={stat.ML}
}


%exemplar VAE
@inproceedings{exemplarVAE,
	author = {Norouzi, Sajad and Fleet, David J and Norouzi, Mohammad},
	booktitle = {Advances in Neural Information Processing Systems},
	editor = {H. Larochelle and M. Ranzato and R. Hadsell and M. F. Balcan and H. Lin},
	pages = {8753--8764},
	publisher = {Curran Associates, Inc.},
	title = {Exemplar VAE: Linking Generative Models, Nearest Neighbor Retrieval, and Data Augmentation},
	url = {https://proceedings.neurips.cc/paper/2020/file/63c17d596f401acb520efe4a2a7a01ee-Paper.pdf},
	volume = {33},
	year = {2020}
}


@misc{ELBO,
	title = {Understanding {Variational} {Lower} {Bound}},
	url = {http://legacydirs.umiacs.umd.edu/~xyang35/files/understanding-variational-lower.pdf},
	author = {Yang, Xitong},
	year = {2017},
}

%%sphere
@misc{wikipedia_2021, title={Sphere}, url={https://en.wikipedia.org/wiki/Sphere}, journal={Wikipedia}, publisher={Wikimedia Foundation}, year={2021}, month={Aug}}

%%maximum exist
@misc{maximum_exist, title={Maximal and Minimal Points of Functions Theory}, url={https://aipc.tamu.edu/~schlump/24section4.1_math171.pdf}, journal={aipc.tamu.edu}} 

%% Projected Gradient method
@misc{chen_2019, place={Princeton University}, title={Gradient methods for constrained problems}, journal={http://www.princeton.edu/~yc5/ele522_optimization/lectures/grad_descent_constrained.pdf}, publisher={Princeton University}, author={Chen, Yuxin}, year={2019}} 

%ISIC2019
@article{ISIC2019, title={The HAM10000 dataset, a large collection of multi-source dermatoscopic images of common pigmented skin lesions}, volume={5}, DOI={10.1038/sdata.2018.161}, number={1}, journal={Scientific Data}, author={Tschandl, Philipp and Rosendahl, Cliff and Kittler, Harald}, year={2018}}

%%breast cancer
@misc{breast_cancer ,
	author ={ "Dua, Dheeru and Graff, Casey"},
	year ={ "2017"},
	title ={ "UCI Machine Learning Repository"},
	url = {"http://archive.ics.uci.edu/ml"},
	institution = {"University of California, Irvine, School of Information and Computer Sciences"} }


@inproceedings{goy_credit_2019,
	address = {Samsun, Turkey},
	title = {Credit {Card} {Fraud} {Detection} with {Machine} {Learning} {Methods}},
	isbn = {9781728139647},
	url = {https://ieeexplore.ieee.org/document/8906995/},
	doi = {10.1109/UBMK.2019.8906995},
	urldate = {2021-10-29},
	booktitle = {2019 4th {International} {Conference} on {Computer} {Science} and {Engineering} ({UBMK})},
	publisher = {IEEE},
	author = {Goy, Gokhan and Gezer, Cengiz and Gungor, Vehbi Cagri},
	month = sep,
	year = {2019},
	pages = {350--354},
}

@misc{kaggleCreditCard,
	author = {},
	title = {{C}redit {C}ard {F}raud {D}etection --- kaggle.com},
	howpublished = {\url{https://www.kaggle.com/datasets/mlg-ulb/creditcardfraud}},
	year = {},
	note = {[Accessed 16-Dec-2022]},
}

@misc{cuda,
	author={NVIDIA and Vingelmann, Péter and Fitzek, Frank H.P.},
	title={CUDA, release: 10.2.89},
	year={2020},
	url={https://developer.nvidia.com/cuda-toolkit},
}

@article{pca,
	author = { Karl   Pearson   F.R.S. },
	title = {LIII. On lines and planes of closest fit to systems of points in space},
	journal = {The London, Edinburgh, and Dublin Philosophical Magazine and Journal of Science},
	volume = {2},
	number = {11},
	pages = {559-572},
	year  = {1901},
	publisher = {Taylor and Francis},
	doi = {10.1080/14786440109462720},
} 


@article{KEEL_dataset, title={Implementation and integration of algorithms into the keel data-mining software tool}, DOI={10.1007/978-3-642-04394-9_68}, journal={Intelligent Data Engineering and Automated Learning - IDEAL 2009}, author={Fernández, Alberto and Luengo, Julián and Derrac, Joaquin and Alcalá-Fdez, Jesús and Herrera, Francisco}, year={2009}, pages={562–569}} 

@misc{KEEL_detail, title={Keel: Software tool. evolutionary algorithms for Data Mining}, url={https://sci2s.ugr.es/keel/category.php?cat=imb#sub1}, journal={Welcome to the SCI2S web site}} 

@article{uci_imbalance_dataset,
	author  = {Guillaume  Lema{{\^i}}tre and Fernando Nogueira and Christos K. Aridas},
	title   = {Imbalanced-learn: A Python Toolbox to Tackle the Curse of Imbalanced Datasets in Machine Learning},
	journal = {Journal of Machine Learning Research},
	year    = {2017},
	volume  = {18},
	number  = {17},
	pages   = {1-5},
	url     = {http://jmlr.org/papers/v18/16-365.html}
}

@misc{imbalancedlearnFetch_datasetsx2014,
	author = {},
	title = {fetch datasets 2014; {V}ersion 0.10.0 --- imbalanced-learn.org},
	howpublished = {\url{https://imbalanced-learn.org/stable/references/generated/imblearn.datasets.fetch_datasets.html}},
	year = {},
	note = {[Accessed 16-Dec-2022]},
}


@ARTICLE{bib:GDO,
	
	author={Xie, Yuxi and Qiu, Min and Zhang, Haibo and Peng, Lizhi and Chen, Zhenxiang},
	
	journal={IEEE Transactions on Knowledge and Data Engineering}, 
	
	title={Gaussian Distribution Based Oversampling for Imbalanced Data Classification}, 
	
	year={2022},
	
	volume={34},
	
	number={2},
	
	pages={667-679},
	
	doi={10.1109/TKDE.2020.2985965}}

@misc{beta_distribution,[break] url={https://en.wikipedia.org/wiki/Beta_distribution},[break] journal={En.wikipedia.org},[break] year={2022}}

@misc{cite:AUC,
	author = "{Wikipedia contributors}",
	title = "Receiver operating characteristic --- {Wikipedia}{,} The Free Encyclopedia",
	year = "2022",
	howpublished = "\url{https://en.wikipedia.org/w/index.php?title=Receiver_operating_characteristic&oldid=1081635328}",
}


@article{johnson_survey_2019,
	title = {Survey on deep learning with class imbalance},
	volume = {6},
	issn = {2196-1115},
	url = {https://journalofbigdata.springeropen.com/articles/10.1186/s40537-019-0192-5},
	doi = {10.1186/s40537-019-0192-5},
	language = {en},
	number = {1},
	urldate = {2022-04-24},
	journal = {Journal of Big Data},
	author = {Johnson, Justin M. and Khoshgoftaar, Taghi M.},
	month = dec,
	year = {2019},
	pages = {27},
}


@InProceedings{SMOTEBoost,
	author="Chawla, Nitesh V.
	and Lazarevic, Aleksandar
	and Hall, Lawrence O.
	and Bowyer, Kevin W.",
	editor="Lavra{\v{c}}, Nada
	and Gamberger, Dragan
	and Todorovski, Ljup{\v{c}}o
	and Blockeel, Hendrik",
	title="SMOTEBoost: Improving Prediction of the Minority Class in Boosting",
	booktitle="Knowledge Discovery in Databases: PKDD 2003",
	year="2003",
	publisher="Springer Berlin Heidelberg",
	address="Berlin, Heidelberg",
	pages="107--119",
}

@ARTICLE{RUSBoost,
	author={Seiffert, Chris and Khoshgoftaar, Taghi M. and Van Hulse, Jason and Napolitano, Amri},
	journal={IEEE Transactions on Systems, Man, and Cybernetics - Part A: Systems and Humans}, 
	title={RUSBoost: A Hybrid Approach to Alleviating Class Imbalance}, 
	year={2010},
	volume={40},
	number={1},
	pages={185-197},
	doi={10.1109/TSMCA.2009.2029559}}

@ARTICLE{ECOEnsemble,
	author={Lim, Pin and Goh, Chi Keong and Tan, Kay Chen},
	journal={IEEE Transactions on Cybernetics}, 
	title={Evolutionary Cluster-Based Synthetic Oversampling Ensemble (ECO-Ensemble) for Imbalance Learning}, 
	year={2017},
	volume={47},
	number={9},
	pages={2850-2861},
	doi={10.1109/TCYB.2016.2579658}
}

@article{LIU201735,
	title = {Addressing the class imbalance problem in Twitter spam detection using ensemble learning},
	journal = {Computers and Security},
	volume = {69},
	pages = {35-49},
	year = {2017},
	note = {Security Data Science and Cyber Threat Management},
	issn = {0167-4048},
	doi = {https://doi.org/10.1016/j.cose.2016.12.004},
	url = {https://www.sciencedirect.com/science/article/pii/S0167404816301754},
	author = {Shigang Liu and Yu Wang and Jun Zhang and Chao Chen and Yang Xiang},
	keywords = {Online social networks, Twitter, Spam detection, Machine learning, Class imbalance},
}

@misc{wilcoxon,
	author = {Wikipedia contributors},
	title = {Wilcoxon signed-rank test --- {Wikipedia} The Free Encyclopedia},
	year = {2022},
	url = {https://en.wikipedia.org/w/index.php?title=Wilcoxon_signed-rank_test&oldid=1109073866},
	note = {Online; accessed 22-December-2022}
}

@article{cssvm,
	author    = {Hamed Masnadi{-}Shirazi and
	Nuno Vasconcelos and
	Arya Iranmehr},
	title     = {Cost-Sensitive Support Vector Machines},
	journal   = {CoRR},
	volume    = {abs/1212.0975},
	year      = {2012},
	url       = {http://arxiv.org/abs/1212.0975},
	eprinttype = {arXiv},
	eprint    = {1212.0975},
	timestamp = {Mon, 13 Aug 2018 16:46:29 +0200},
	biburl    = {https://dblp.org/rec/journals/corr/abs-1212-0975.bib},
	bibsource = {dblp computer science bibliography, https://dblp.org}
}

@ARTICLE{EE,
	author={Liu, Xu-Ying and Wu, Jianxin and Zhou, Zhi-Hua},
	journal={IEEE Transactions on Systems, Man, and Cybernetics, Part B (Cybernetics)}, 
	title={Exploratory Undersampling for Class-Imbalance Learning}, 
	year={2009},
	volume={39},
	number={2},
	pages={539-550},
	doi={10.1109/TSMCB.2008.2007853}}




%%---------------------


@inproceedings{zhuang2017fripal, title={FRiPAL: Face recognition in privacy abstraction layer}, 
	author={Zhuang, Di and Wang, Sen and Chang, J Morris},
	booktitle={2017 IEEE Conference on Dependable and Secure Computing}, 
	pages={441--448}, year={2017}, organization={IEEE} }

@INPROCEEDINGS{341300, 
	author={F. S. Samaria and A. C. Harter}, 
	booktitle={Proceedings of 1994 IEEE Workshop on Applications of Computer Vision}, 
	title={Parameterisation of a stochastic model for human face identification}, 
	year={1994}, 
	volume={}, 
	number={}, 
	pages={138-142}, 
	ISSN={}, 
	month={Dec},}

@article{Baldi2012,
	archivePrefix = {arXiv},
	arxivId = {1509.02971},
	author = {Baldi, Pierre},
	doi = {10.1561/2200000006},
	eprint = {1509.02971},
	file = {:G$\backslash$:/My Drive/Research/PCA{\_}DCA/Autoencoders, Unsupervised Learning, and Deep.pdf:pdf},
	isbn = {2200000006},
	issn = {0899-7667},
	journal = {ICML Unsupervised Transf. Learn.},
	keywords = {autoencoders,deep architectures,hebbian learning,information,unsupervised learning},
	pages = {37--50},
	pmid = {24966830},
	title = {{Autoencoders, Unsupervised Learning, and Deep Architectures}},
	year = {2012}
}

@article{GAP,
	author = {Chong Huang, Peter Kairouz, Xiao Chen, Lalitha Sankar, Ram Rajagopal },
	title = {{Generative Adversarial Privacy}},
	journal={Privacy in Machine Learning and Artificial Intelligence Workshop, ICML 2018},
	year = {2018}
}

@article{DBLP:journals/corr/abs-1809-08911,
	author    = {Xiao Chen and
	Peter Kairouz and
	Ram Rajagopal},
	title     = {Understanding Compressive Adversarial Privacy},
	journal   = {CoRR},
	volume    = {abs/1809.08911},
	year      = {2018},
	url       = {http://arxiv.org/abs/1809.08911},
	archivePrefix = {arXiv},
	eprint    = {1809.08911},
	timestamp = {Fri, 05 Oct 2018 11:34:52 +0200},
	biburl    = {https://dblp.org/rec/bib/journals/corr/abs-1809-08911},
	bibsource = {dblp computer science bibliography, https://dblp.org}
}

@article{DifferentialPrivacywithCompression,
	author    = {Shuheng Zhou and
	Katrina Ligett and
	Larry Wasserman },
	title     = {Differential Privacy with Compression},
	journal   = {CoRR},
	year      = {2009},
	archivePrefix = {arXiv},
}

@article{Wu,
	author    = {Zhenyu Wu and
	Zhangyang Wang and
	Zhaowen Wang and
	Hailin Jin},
	title     = {Towards Privacy-Preserving Visual Recognition via Adversarial Training:
	{A} Pilot Study},
	journal   = {CoRR},
	volume    = {abs/1807.08379},
	year      = {2018},
	url       = {http://arxiv.org/abs/1807.08379},
	archivePrefix = {arXiv},
	eprint    = {1807.08379},
	timestamp = {Mon, 13 Aug 2018 16:46:32 +0200},
	biburl    = {https://dblp.org/rec/bib/journals/corr/abs-1807-08379},
	bibsource = {dblp computer science bibliography, https://dblp.org}
}


@Article{GeBeKr01, 
	author =  "Georghiades, A.S. and Belhumeur, P.N. and Kriegman, D.J.", 
	title =   "From Few to Many: Illumination Cone Models for Face Recognition under Variable Lighting and Pose", 
	journal = "IEEE Trans. Pattern Anal. Mach. Intelligence", 
	year =  2001, 
	volume = 23, 
	number = 6, 
	pages= "643-660"} 

@article{Nguyen1999a,
	author = {Nguyen, Hung and Florida, South},
	file = {:G$\backslash$:/My Drive/Research/Reconstruction/mutiple attacking/Document/My paper/MyeGan/My{\_}EGAN.pdf:pdf},
	number = {8},
	pages = {1999},
	title = {{Privacy preserving Neural Network-based Dimensionality Reduction}},
	volume = {14},
	year = {1999}
}
@article{Nguyen1999b,
	author = {Nguyen, Hung and Florida, South},
	file = {:G$\backslash$:/My Drive/Research/Reconstruction/mutiple attacking/Document/My paper/MyeGan/My{\_}EGAN.pdf:pdf},
	number = {8},
	pages = {1999},
	title = {{Privacy preserving Neural Network-based Dimensionality Reduction}},
	volume = {14},
	year = {1999}
}
@article{Nguyen1999,
	author = {Nguyen, Hung and Florida, South},
	file = {:G$\backslash$:/My Drive/Research/Reconstruction/mutiple attacking/Document/My paper/MyeGan/My{\_}EGAN.pdf:pdf},
	pages = {1999},
	title = {{Privacy preserving Neural Network-based Dimensionality Reduction}},
	year = {1999}
}
@article{Erlingsson2014,
	archivePrefix = {arXiv},
	arxivId = {1407.6981},
	author = {Erlingsson, {\'{U}}lfar and Pihur, Vasyl and Korolova, Aleksandra},
	doi = {10.1145/2660267.2660348},
	eprint = {1407.6981},
	file = {:G$\backslash$:/My Drive/Research/Privacy-Preserving ML/LDP/RAPPOR Randomized Aggregatable Privacy-Preserving(GG2014).pdf:pdf},
	isbn = {9781450329576},
	issn = {15437221},
	title = {{RAPPOR: Randomized Aggregatable Privacy-Preserving Ordinal Response}},
	url = {http://arxiv.org/abs/1407.6981{\%}0Ahttp://dx.doi.org/10.1145/2660267.2660348},
	year = {2014}
}

@article{Smith2017,
	author = {Smith, Adam},
	file = {:G$\backslash$:/My Drive/Research/Privacy-Preserving ML/LDP/LDP{\_}Adam Smith.pdf:pdf},
	title = {{Local differential privacy}},
	year = {2017}
}
@article{Bhatnagar2013,
	author = {Bhatnagar, S. and Prasad, H. and Prashanth, L.},
	doi = {10.1007/978-1-4471-4285-0_10},
	file = {:G$\backslash$:/My Drive/Research/Reconstruction/mutiple attacking/Literature papers/barrier and penalty method Optimization.pdf:pdf},
	isbn = {9781447142843},
	issn = {01708643},
	journal = {Lect. Notes Control Inf. Sci.},
	number = {23},
	pages = {167--186},
	title = {{Algorithms for constrained optimization}},
	volume = {434},
	year = {2013}
}
@article{Liu2006,
	author = {Liu, Kun and Kargupta, Hillol and Ryan, Jessica},
	doi = {10.1109/TKDE.2006.14},
	file = {:G$\backslash$:/My Drive/Research/Privacy-Preserving ML/papers/Random Projection-Based Multiplicative.pdf:pdf},
	issn = {10414347},
	journal = {IEEE Trans. Knowl. Data Eng.},
	keywords = {Multiplicative data perturbation,Privacy preserving data mining,Random projection},
	number = {1},
	pages = {92--106},
	title = {{Random projection-based multiplicative data perturbation for privacy preserving distributed data mining}},
	volume = {18},
	year = {2006}
}
@article{Number2015,
	author = {Number, B A A and Area, Technology and Identification, Next Generation and White, Characterization and Title, Paper and Intelligence, Data-driven and Identification, Active and Florida, South and Poc, Technical and Florida, South and Ave, Fowler and Poc, Contracting and Florida, South},
	file = {:G$\backslash$:/My Drive/Research/USSCOM/white paper.docx.pdf:pdf},
	pages = {0--8},
	title = {{WHITE PAPER SECTION A - Cover Page SECTION B - Executive Summary}},
	volume = {2021},
	year = {2015}
}
@article{Hammami2018,
	author = {Hammami, Hamza},
	file = {:G$\backslash$:/My Drive/Research/HAR/Towards a New Security Approach Based on Heartbeat Authentication to Ensure.pdf:pdf},
	isbn = {9781538622902},
	keywords = {-cloud computing,ac-,authentication,cess control,confidentiality,heartbeat,security,virtualization},
	title = {{Towards a New Security Approach Based on Heartbeat Authentication to Ensure Security of Cloud Data Access}},
	year = {2018}
}
@article{Kargupta2003,
	archivePrefix = {arXiv},
	arxivId = {arXiv:1011.1669v3},
	author = {Kargupta, H. and Datta, S. and Wang, Q. and {Krishnamoorthy Sivakumar}},
	doi = {10.1109/ICDM.2003.1250908},
	eprint = {arXiv:1011.1669v3},
	file = {:G$\backslash$:/My Drive/Research/Privacy-Preserving ML/papers/On the Privacy Preserving Properties of Random Data Perturbation Techniques.pdf:pdf},
	isbn = {0-7695-1978-4},
	issn = {15504786},
	journal = {Third IEEE Int. Conf. Data Min.},
	pages = {99--106},
	pmid = {25246403},
	title = {{On the privacy preserving properties of random data perturbation techniques}},
	url = {http://ieeexplore.ieee.org/document/1250908/},
	year = {2003}
}
@article{Choi2009,
	author = {Choi, Jongyoon and Ricardo, Gutierrez Osuna},
	doi = {10.1109/BSN.2009.13},
	file = {:G$\backslash$:/My Drive/Research/HAR/Using Heart Rate Monitors to Detect Mental Stress .pdf:pdf},
	isbn = {9780769536446},
	journal = {Proc. - 2009 6th Int. Work. Wearable Implant. Body Sens. Networks, BSN 2009},
	keywords = {Autonomic nervous system,Heart rate variability,Mental stress,Principal dynamic modes,Wearable sensors},
	pages = {219--223},
	title = {{Using heart rate monitors to detect mental stress}},
	year = {2009}
}
@article{Kellogg2014,
	author = {Kellogg, Bryce and Talla, Vamsi and Gollakota, Shyamnath},
	file = {:G$\backslash$:/My Drive/Research/HAR/Bringing Gesture Recognition To All Devices.pdf:pdf},
	isbn = {978-1-931971-09-6},
	journal = {Proc. 11th USENIX Symp. Networked Syst. Des. Implement. (NSDI 14)},
	pages = {303--316},
	title = {{Bringing Gesture Recognition To All Devices}},
	url = {https://www.usenix.org/system/files/conference/nsdi14/nsdi14-paper-kellogg.pdf},
	year = {2014}
}
@article{Wang2014,
	author = {Wang, Yan and Liu, Jian and Chen, Yingying and Gruteser, Marco and Yang, Jie and Liu, Hongbo},
	doi = {10.1145/2639108.2639143},
	file = {:G$\backslash$:/My Drive/Research/HAR/E-eyes Device-free Location-oriented Activity.pdf:pdf},
	isbn = {9781450327831},
	journal = {Proc. 20th Annu. Int. Conf. Mob. Comput. Netw. - MobiCom '14},
	keywords = {activity recognition,channel state information(csi),device-free,location-oriented,wifi},
	pages = {617--628},
	title = {{E-eyes: Device-free Location-oriented Activity Identification Using Fine-grained WiFi Signatures}},
	url = {http://dl.acm.org/citation.cfm?id=2639108.2639143},
	year = {2014}
}


@article{Kale2016,
	archivePrefix = {arXiv},
	arxivId = {1608.06761},
	author = {Kale, Geetanjali Vinayak and Patil, Varsha Hemant},
	doi = {10.4018/IJACI.2016070104},
	eprint = {1608.06761},
	file = {:G$\backslash$:/My Drive/Research/HAR/a study vision.pdf:pdf},
	isbn = {9781522552055},
	issn = {1941-6237},
	keywords = {human motion analysis,human motion recognition,human motion representation,recognition methods},
	number = {2},
	pages = {75--92},
	title = {{A Study of Vision based Human Motion Recognition and Analysis}},
	url = {http://arxiv.org/abs/1608.06761{\%}0Ahttp://dx.doi.org/10.4018/IJACI.2016070104},
	volume = {7},
	year = {2016}
}
@article{,
	file = {:G$\backslash$:/My Drive/Research/NSF{\_}CICI/Proposal{\_}Latex/img/Access.pdf:pdf},
	pages = {2008},
	title = {{U 1 U 2}},
	year = {2008}
}
@article{Zhou2011,
	author = {Zhou, Yingbo and Kumar, Ajay},
	doi = {10.1109/TIFS.2011.2158423},
	file = {:G$\backslash$:/My Drive/Research/USSCOM/Human Identification Using Palm-Vein Images.pdf:pdf},
	isbn = {1556-6013},
	issn = {15566013},
	journal = {IEEE Trans. Inf. Forensics Secur.},
	number = {4},
	pages = {1259--1274},
	title = {{Human identification using palm-vein images}},
	volume = {6},
	year = {2011}
}
@article{Shahin2008,
	author = {Shahin, M. K. and Badawi, A. M. and Rasmy, M. E.},
	doi = {10.1109/CIBEC.2008.4786038},
	file = {:G$\backslash$:/My Drive/Research/USSCOM/A MULTIMODAL HAND VEIN, HAND GEOMETRY, AND FINGERPRINT.pdf:pdf},
	isbn = {9781424426959},
	issn = {2156-6097},
	journal = {2008 Cairo Int. Biomed. Eng. Conf. CIBEC 2008},
	keywords = {Biometric system,Fingerprints,Hand geometry shape,Hand vein,Multimodal,Near infra red,Unimodal},
	number = {d},
	title = {{A multimodal hand vein, hand geometry, and fingerprint prototype design for high security biometrics}},
	year = {2008}
}
@article{Moses2015,
	author = {Moses, Ikaneng},
	file = {:G$\backslash$:/My Drive/Research/DQE/guideline docs/ee-handbook-update.pdf:pdf},
	isbn = {fsddgdfgdf},
	pages = {20 -- 25},
	title = {{Electrical Engineering}},
	year = {2015}
}
@article{Chang,
	author = {Chang, Ji-en Morris},
	file = {:G$\backslash$:/My Drive/Research/NSF{\_}CICI/Proposal{\_}Latex/sections/Proposal{\_}Latex/main.pdf:pdf},
	title = {{CICI : RDP : DataHub : A Platform for Research Data Protection and Sharing Project Summary Executive Summary : Significance of proposed work}}
}
@article{,
	file = {:G$\backslash$:/My Drive/Research/NSF{\_}CICI/Proposal{\_}Latex/sections/Proposal{\_}Latex/img/systemV2.pdf:pdf},
	title = {{“ Data Owner ” “ Data Provider ” Algorithm Provider “ Data User ”}}
}
@article{,
	file = {:G$\backslash$:/My Drive/Research/NSF{\_}CICI/Proposal{\_}Latex/sections/Proposal{\_}Latex/img/Access.pdf:pdf},
	pages = {2},
	title = {{Nurses role 1}}
}
@article{Merit,
	author = {Merit, Intellectual and Vm, More},
	file = {:G$\backslash$:/My Drive/Research/NSF{\_}CICI/Proposal{\_}Latex/main{\_}di{\_}commented{\_}2.pdf:pdf},
	title = {{Executive Summary : Significance of proposed work}}
}
@article{Cyphers2018,
	author = {Cyphers, Bennett and Veeramachaneni, Kalyan},
	doi = {10.1109/DSAA.2017.80},
	file = {:G$\backslash$:/My Drive/Research/NSF{\_}CICI/Research{\_}Papers/AnonML{\_}LDP{\_}Synthetic{\_}Data{\_}for{\_}ML.pdf:pdf},
	isbn = {9781509050048},
	journal = {Proc. - 2017 Int. Conf. Data Sci. Adv. Anal. DSAA 2017},
	pages = {549--560},
	title = {{AnonML: Locally private machine learning over a network of peers}},
	volume = {2018-Janua},
	year = {2018}
}
@article{Goryczka2017,
	author = {Goryczka, Slawomir and Xiong, Li},
	doi = {10.1109/TDSC.2015.2484326},
	file = {:G$\backslash$:/My Drive/Research/NSF{\_}CICI/Research{\_}Papers/A Comprehensive Comparison of Multiparty Secure Additions with Differential Privacy.pdf:pdf},
	issn = {15455971},
	journal = {IEEE Trans. Dependable Secur. Comput.},
	keywords = {Distributed differential privacy,decentralized noise generation,redundant noise,secure multiparty computations},
	number = {5},
	pages = {463--477},
	title = {{A Comprehensive Comparison of Multiparty Secure Additions with Differential Privacy}},
	volume = {14},
	year = {2017}
}
@article{Focus2017,
	author = {Focus, I N},
	file = {:G$\backslash$:/My Drive/Research/NSF{\_}CICI/Reference{\_}Documents/open science risk profile (OSRP).pdf:pdf},
	number = {October},
	pages = {94--95},
	title = {{The Open Science Cyber Risk Profile:}},
	year = {2017}
}
@misc{,
	file = {:G$\backslash$:/My Drive/Research/NSF{\_}CICI/Reference{\_}Documents/call{\_}for{\_}proposal.pdf:pdf},
	title = {call{\_}for{\_}proposal.pdf}
}
@article{BPIE2015,
	author = {BPIE},
	file = {:G$\backslash$:/My Drive/Research/NSF{\_}CICI/Proposal{\_}Latex/img/syntheticDiag.pdf:pdf},
	pages = {3},
	title = {{Data Hub}},
	url = {http://www.buildingsdata.eu/},
	year = {2015}
}
@article{,
	file = {:G$\backslash$:/My Drive/Research/NSF{\_}CICI/Proposal{\_}Latex/img/PCA2{\_}1.pdf:pdf},
	pages = {4},
	title = {{No Title}}
}
@article{Erlingsson2014a,
	archivePrefix = {arXiv},
	arxivId = {1407.6981},
	author = {Erlingsson, {\'{U}}lfar and Pihur, Vasyl and Korolova, Aleksandra},
	doi = {10.1145/2660267.2660348},
	eprint = {1407.6981},
	file = {:G$\backslash$:/My Drive/Research/NSF{\_}CICI/Research{\_}Papers/RAPPOR{\_}Google{\_}LDP.pdf:pdf},
	isbn = {9781450329576},
	issn = {15437221},
	title = {{RAPPOR: Randomized Aggregatable Privacy-Preserving Ordinal Response}},
	url = {http://arxiv.org/abs/1407.6981{\%}0Ahttp://dx.doi.org/10.1145/2660267.2660348},
	year = {2014}
}
@article{,
	file = {:G$\backslash$:/My Drive/Research/NSF{\_}CICI/Proposal{\_}Latex/img/Overview.pdf:pdf},
	title = {{Crypto Service Provider ( CSP ) DataHub No-SQL Database cluster with workload management Data User}}
}
@article{,
	file = {:G$\backslash$:/My Drive/Research/NSF{\_}CICI/Proposal{\_}Latex/img/PCA2.pdf:pdf},
	pages = {4},
	title = {{No Title}}
}
@article{Changa,
	author = {Chang, Ji-en Morris},
	file = {:G$\backslash$:/My Drive/Research/NSF{\_}CICI/Proposal{\_}Latex/main{\_}di{\_}commented.pdf:pdf},
	title = {{CICI : RDP : DataHub : A Platform for Research Data Protection and Sharing Project Summary Executive Summary : Significance of proposed work}}
}
@article{Merits,
	author = {Merits, Intellectual},
	file = {:G$\backslash$:/My Drive/Research/NSF{\_}CICI/Proposal{\_}Latex/main.pdf:pdf},
	title = {{Executive Summary : Significance of proposed work}}
}
@article{Changb,
	author = {Chang, Ji-en Morris},
	file = {:G$\backslash$:/My Drive/Research/NSF{\_}CICI/Proposal{\_}Latex/main-MTI-comments.pdf:pdf},
	title = {{CICI : RDP : DataHub : A Platform for Research Data Protection and Sharing Project Summary Executive Summary : Significance of proposed work}}
}
@article{Al-rubaie,
	author = {Al-rubaie, Mohammad and Wu, Pei-yuan and Chang, J Morris and Kung, Sun-yuan},
	file = {:G$\backslash$:/My Drive/Research/NSF{\_}CICI/Research{\_}Papers/Privacy-Preserving PCA on Horizontally-Partitioned.pdf:pdf},
	isbn = {9781509055692},
	title = {{Privacy-Preserving PCA on Horizontally-Partitioned Data}}
}
@article{,
	file = {:G$\backslash$:/My Drive/Research/NSF{\_}CICI/Proposal{\_}Latex/img/systemV2.pdf:pdf},
	title = {{“ Data Owner ” “ Algorithm Provider ” “ Data Provider ” “ Data User ”}}
}
@article{Nikolaenko2013,
	author = {Nikolaenko, Valeria and Weinsberg, Udi and Ioannidis, Stratis and Joye, Marc and Boneh, Dan and Taft, Nina},
	doi = {10.1109/SP.2013.30},
	file = {:G$\backslash$:/My Drive/Research/NSF{\_}CICI/Research{\_}Papers/PP{\_}Ridge{\_}Regression{\_}CSP.pdf:pdf},
	isbn = {9780769549774},
	issn = {10816011},
	journal = {Proc. - IEEE Symp. Secur. Priv.},
	pages = {334--348},
	title = {{Privacy-preserving ridge regression on hundreds of millions of records}},
	year = {2013}
}
@article{Machanavajjhala2017,
	author = {Machanavajjhala, Ashwin and He, Xi and Hay, Michael},
	doi = {10.1145/3035918.3054779},
	file = {:G$\backslash$:/My Drive/Research/NSF{\_}CICI/Research{\_}Papers/Differential Privacy in the Wild.pdf:pdf},
	isbn = {9781450341974},
	issn = {21508097},
	journal = {Proc. 2017 ACM Int. Conf. Manag. Data  - SIGMOD '17},
	pages = {1727--1730},
	title = {{Differential Privacy in the Wild}},
	url = {http://dl.acm.org/citation.cfm?doid=3035918.3054779},
	year = {2017}
}
@article{Kohli2013,
	author = {Kohli, Naman and Yadav, Daksha and Vatsa, Mayank and Singh, Richa},
	doi = {10.1109/ICB.2013.6613021},
	file = {:G$\backslash$:/My Drive/Research/USSCOM/Revisiting Iris Recognition with Color Cosmetic Contact Lenses.pdf:pdf},
	isbn = {9781479903108},
	journal = {Proc. - 2013 Int. Conf. Biometrics, ICB 2013},
	title = {{Revisiting iris recognition with color cosmetic contact lenses}},
	volume = {1},
	year = {2013}
}
@article{Papernot2016,
	archivePrefix = {arXiv},
	arxivId = {1611.03814},
	author = {Papernot, Nicolas and McDaniel, Patrick and Sinha, Arunesh and Wellman, Michael},
	eprint = {1611.03814},
	file = {:G$\backslash$:/My Drive/Research/NSF{\_}CICI/Research{\_}Papers/Towards the Science of Security and Privacy in Machine Learning.pdf:pdf},
	pages = {1--19},
	title = {{Towards the Science of Security and Privacy in Machine Learning}},
	url = {http://arxiv.org/abs/1611.03814},
	year = {2016}
}
@article{Johnson2017,
	archivePrefix = {arXiv},
	arxivId = {1706.09479},
	author = {Johnson, Noah and Near, Joseph P. and Song, Dawn},
	doi = {10.1145/3177732.3177733},
	eprint = {1706.09479},
	file = {:G$\backslash$:/My Drive/Research/NSF{\_}CICI/Research{\_}Papers/Towards Practical Differential Privacy for SQL Queries.pdf:pdf},
	title = {{Towards Practical Differential Privacy for SQL Queries}},
	url = {http://arxiv.org/abs/1706.09479},
	year = {2017}
}
@article{BPIE2015a,
	abstract = {The first knowledge repository for statistics and policy information on Europe's building stock. This hub introduces powerful tools such as a data search engine that allows for cross-country comparisons, generation of customised country profiles and cost-free downloads. Users can access a comprehensive glossary and join the discussion on the Buildings Data Community.},
	author = {BPIE},
	file = {:G$\backslash$:/My Drive/Research/NSF{\_}CICI/Proposal{\_}Latex/img/CryptoApp.pdf:pdf},
	pages = {1},
	title = {{Data Hub}},
	url = {http://www.buildingsdata.eu/},
	year = {2015}
}
@article{,
	file = {:G$\backslash$:/My Drive/Research/NSF{\_}CICI/Proposal{\_}Latex/img/CSP.pdf:pdf},
	pages = {1},
	title = {{Data owner}},
	year = {2007}
}
@article{,
	file = {:G$\backslash$:/My Drive/Research/NSF{\_}CICI/Proposal{\_}Latex/img/Crypt-NoSQL.pdf:pdf},
	title = {{Proxy Client(s)}}
}
@article{,
	file = {:G$\backslash$:/My Drive/Research/NSF{\_}CICI/Proposal{\_}Latex/img/LDPDiag.pdf:pdf},
	number = {Ericsson},
	pages = {2003--2003},
	title = {{3 Data}},
	year = {2003}
}
@article{ChesapeakeBayProgram2006,
	author = {{Chesapeake Bay Program}},
	file = {:G$\backslash$:/My Drive/Research/NSF{\_}CICI/Proposal{\_}Latex/img/Arch.pdf:pdf},
	journal = {Chesap. Bay Progr.},
	title = {{Data Hub}},
	url = {https://www.chesapeakebay.net/what/data},
	year = {2006}
}
@article{,
	file = {:C$\backslash$:/Users/fanxeeng/AppData/Local/Mendeley Ltd./Mendeley Desktop/Downloaded/Unknown - Unknown - Doctoral Qualifying Exam Report Privacy preserving machine learning Privacy preserving Neural Network-based Dimensio.pdf:pdf},
	title = {{Doctoral Qualifying Exam Report Privacy preserving machine learning: Privacy preserving Neural Network-based Dimensionality Reduction I.}}
}
@article{,
	file = {:G$\backslash$:/My Drive/Research/NSF{\_}CICI/Proposal{\_}Latex/img/DatabaseArch.pdf:pdf},
	pages = {1},
	title = {{Client 1 Proxy Server(s)}}
}
@article{LSAC2011,
	author = {LSAC},
	file = {:G$\backslash$:/My Drive/Research/NSF{\_}CICI/Proposal{\_}Latex/img/Distributed.pdf:pdf},
	keywords = {1. School Type,2. Research Question,3. Age Group,4. Method,5.Usefulness,6. Reason for Keeping,7. Data type,8. Country,9. Findings},
	number = {August},
	pages = {1},
	title = {{Data User Guide}},
	year = {2011}
}
@article{Rozptylu,
	author = {Rozptylu, Z A},
	file = {:G$\backslash$:/My Drive/Research/NSF{\_}CICI/Proposal{\_}Latex/img/DistDP.pdf:pdf},
	pages = {4},
	title = {{5 Data:}},
	volume = {5}
}
@article{Maurer2006,
	author = {Maurer, U. and Smailagic, A. and Siewiorek, D.P. and Deisher, M.},
	doi = {10.1109/BSN.2006.6},
	file = {:G$\backslash$:/My Drive/Research/HAR/Activity Recognition and Monitoring Using Multiple Sensors on Different Body.pdf:pdf},
	isbn = {0-7695-2547-4},
	issn = {2376-8886},
	journal = {Int. Work. Wearable Implant. Body Sens. Networks},
	pages = {4--7},
	title = {{Activity recognition and monitoring using multiple sensors on different body positions}},
	year = {2006}
}
@article{Wang2015,
	author = {Wang, Shuangquan and Zhou, Gang},
	doi = {10.1016/j.dcan.2015.02.006},
	file = {:G$\backslash$:/My Drive/Research/HAR/A review on radio based activity recognition.pdf:pdf},
	isbn = {2352-8648},
	issn = {23528648},
	journal = {Digit. Commun. Networks},
	keywords = {Activity recognition,RFID,Radio,WiFi,Zigbee},
	number = {1},
	pages = {20--29},
	publisher = {Elsevier},
	title = {{A review on radio based activity recognition}},
	url = {http://dx.doi.org/10.1016/j.dcan.2015.02.006},
	volume = {1},
	year = {2015}
}
@article{XiaoqianJiangZhanglongJiShuangWangNomanMohammedSamuelCheng2013,
	archivePrefix = {arXiv},
	arxivId = {NIHMS150003},
	author = {{Xiaoqian Jiang, Zhanglong Ji, Shuang Wang, Noman Mohammed, Samuel Cheng}, Lucila Ohno-Machado},
	doi = {10.1080/10810730902873927.Testing},
	eprint = {NIHMS150003},
	file = {:G$\backslash$:/My Drive/Research/Privacy-Preserving ML/DP/papers/Differential-Private Data Publishing Through Component.pdf:pdf},
	isbn = {8585348585},
	issn = {15378276},
	journal = {Trans. data Priv.},
	keywords = {data publishing,differential privacy,linear discriminant analysis,principal component analysis},
	number = {1},
	pages = {19--34},
	pmid = {1000000221},
	title = {{Differential-Private Data Publishing Through Component Analysis}},
	volume = {6},
	year = {2013}
}
@article{Bonawitz2017,
	archivePrefix = {arXiv},
	arxivId = {1611.04482},
	author = {Bonawitz, Keith and Ivanov, Vladimir and Kreuter, Ben and Marcedone, Antonio and McMahan, H. Brendan and Patel, Sarvar and Ramage, Daniel and Segal, Aaron and Seth, Karn},
	doi = {10.1145/3133956.3133982},
	eprint = {1611.04482},
	file = {:G$\backslash$:/My Drive/Research/Secrete Sharing database/papers/Practical Secure Aggregation.pdf:pdf},
	isbn = {9781450349468},
	issn = {15437221},
	journal = {Proc. 2017 ACM SIGSAC Conf. Comput. Commun. Secur.  - CCS '17},
	keywords = {-  Security and privacy  -{\textgreater}  Privacy-preserving pr,machine learning,privacy-preserving protocols,secure aggregation},
	pages = {1175--1191},
	title = {{Practical Secure Aggregation for Privacy-Preserving Machine Learning}},
	url = {http://dl.acm.org/citation.cfm?doid=3133956.3133982},
	year = {2017}
}
@article{Dwork2006,
	archivePrefix = {arXiv},
	arxivId = {arXiv:1011.1669v3},
	author = {Dwork, Cynthia},
	doi = {10.1007/11787006_1},
	eprint = {arXiv:1011.1669v3},
	file = {:G$\backslash$:/My Drive/Research/Privacy-Preserving ML/DP/papers/Differential Privacy(Dwork).pdf:pdf},
	isbn = {3-540-35907-9},
	issn = {03029743},
	journal = {Proc. 33rd Int. Colloq. Autom. Lang. Program.},
	pages = {1--12},
	pmid = {191},
	title = {{Differential privacy}},
	year = {2006}
}
@article{Shamir1979,
	author = {Shamir, Adi},
	doi = {10.1007/978-3-642-15328-0_17},
	file = {:G$\backslash$:/My Drive/Research/Secrete Sharing database/papers/How to share a secret.pdf:pdf},
	isbn = {9783642153273},
	issn = {00010782},
	journal = {Commun. ACM},
	keywords = {and phrases,cryptography,key manage-},
	pages = {612--613},
	title = {{How to share a secret}},
	year = {1979}
}
@article{Xiao2018,
	archivePrefix = {arXiv},
	arxivId = {1801.02610},
	author = {Xiao, Chaowei and Li, Bo and Zhu, Jun-Yan and He, Warren and Liu, Mingyan and Song, Dawn},
	eprint = {1801.02610},
	file = {:G$\backslash$:/My Drive/Research/DNNFooling/papers/Generating Adversarial Examples with Adversairial networks.pdf:pdf},
	pages = {1--19},
	title = {{Generating Adversarial Examples with Adversarial Networks}},
	url = {http://arxiv.org/abs/1801.02610},
	year = {2018}
}
@article{Su2017,
	archivePrefix = {arXiv},
	arxivId = {1710.08864},
	author = {Su, Jiawei and Vargas, Danilo Vasconcellos and Kouichi, Sakurai},
	eprint = {1710.08864},
	file = {:G$\backslash$:/My Drive/Research/DNNFooling/papers/One pixel attack for fooling deep neural networks(2018).pdf:pdf},
	title = {{One pixel attack for fooling deep neural networks}},
	url = {http://arxiv.org/abs/1710.08864},
	year = {2017}
}
@article{Distributed,
	author = {Distributed, Using and Dca, P C A and Al-rubaie, Mohammad and Member, Student and Wu, Pei-yuan and Chang, J Morris},
	file = {:G$\backslash$:/My Drive/Research/PCA{\_}DCA/PP{\_}PCA{\_}DCA.pdf:pdf},
	pages = {1--13},
	title = {{Efficient Privacy-Preserving Machine Learning}}
}
@article{Kaya2007,
	author = {Kaya, S.V. and Pedersen, T.B. and Savaş, E. and Saygin, Y.},
	doi = {10.1007/978-3-540-77018-3_29},
	file = {:G$\backslash$:/My Drive/Research/Secrete Sharing database/papers/Efficient Privacy Preserving Distributed.pdf:pdf},
	journal = {Proc. 2007 Int. Conf. Emerg. Technol. Knowl. Discov. data Min.},
	pages = {280--291},
	title = {{Efficient privacy preserving distributed clustering based on secret sharing}},
	url = {http://portal.acm.org/citation.cfm?id=1780614},
	year = {2007}
}
@article{Al-Rubaie2017,
	author = {Al-Rubaie, Mohammad and Wu, Pei Yuan and Chang, J. Morris and Kung, Sun Yuan},
	doi = {10.1109/DESEC.2017.8073817},
	file = {:G$\backslash$:/My Drive/Research/PCA{\_}DCA/Privacy{\_}preserving PCA on Horizontally-Partitioned Data .pdf:pdf},
	isbn = {9781509055692},
	journal = {2017 IEEE Conf. Dependable Secur. Comput.},
	pages = {280--287},
	title = {{Privacy-preserving PCA on horizontally-partitioned data}},
	year = {2017}
}
@article{Abawajy2015,
	author = {Abawajy, Jemal H. and Mukherjea, Sougata and Thampi, Sabu M. and Martinez, Antonio Ruiz},
	doi = {10.1007/978-3-319-22915-7},
	file = {:G$\backslash$:/My Drive/Research/Secrete Sharing database/papers/Multilevel Threshold Secret Sharing.pdf:pdf},
	isbn = {9783319229157},
	pages = {548},
	title = {{Security in computing and communications : third international symposium, SSCC 2015, Kochi, India, August 10-13}},
	url = {https://books.google.co.uk/books?id=JfhUCgAAQBAJ{\&}pg=PA438{\&}dq=cyber+killchain{\&}hl=en{\&}sa=X{\&}ved=0ahUKEwj3qI6OvdzZAhXB6aQKHRErAt4Q6AEIKTAA{\#}v=onepage{\&}q=kill chain{\&}f=false},
	volume = {1},
	year = {2015}
}
@article{Attasena2017,
	archivePrefix = {arXiv},
	arxivId = {1712.10155},
	author = {Attasena, Varunya and Darmont, J{\'{e}}r{\^{o}}me and Harbi, Nouria},
	doi = {10.1007/s00778-017-0470-9},
	eprint = {1712.10155},
	file = {:G$\backslash$:/My Drive/Research/Secrete Sharing database/papers/Secret sharing for cloud data security a survey.pdf:pdf},
	issn = {1066-8888},
	journal = {VLDB J.},
	keywords = {Cloud computing,Secret sharing,Data privacy,Data a,cloud computing,data,data access,data availability,data integrity,privacy,secret sharing},
	number = {5},
	pages = {657--681},
	publisher = {Springer Berlin Heidelberg},
	title = {{Secret Sharing for Cloud Data Security}},
	url = {http://arxiv.org/abs/1712.10155{\%}0Ahttp://dx.doi.org/10.1007/s00778-017-0470-9},
	volume = {26},
	year = {2017}
}
@article{Attasena2015,
	archivePrefix = {arXiv},
	arxivId = {1701.05449},
	author = {Attasena, Varunya and Harbi, Nouria and Darmont, J{\'{e}}r{\^{o}}me},
	doi = {10.4018/ijdwm.2015040102},
	eprint = {1701.05449},
	file = {:G$\backslash$:/My Drive/Research/Secrete Sharing database/papers/Multi-Secret Sharing Approach for Secure Data Warehousing and online analysis in cloud.pdf:pdf},
	isbn = {9781466675926},
	issn = {1548-3924},
	journal = {Int. J. Data Warehous. Min.},
	keywords = {cloud computing,data availability,data privacy,data warehouses,olap,secret sharing},
	number = {2},
	pages = {22--43},
	title = {{A Novel Multi-Secret Sharing Approach for Secure Data Warehousing and On-Line Analysis Processing in the Cloud}},
	url = {http://services.igi-global.com/resolvedoi/resolve.aspx?doi=10.4018/ijdwm.2015040102},
	volume = {11},
	year = {2015}
}
@article{Matsumoto2016,
	author = {Matsumoto, Wataru and Hagiwara, Manabu and Boufounos, Petros T. and Fukushima, Kunihiko and Mariyama, Toshisada and Xiongxin, Zhao},
	doi = {10.1007/978-3-319-46681-1_48},
	file = {:G$\backslash$:/My Drive/Research/PCA{\_}DCA/A Deep Neural Network Architecture Using Dimensionality(2016).pdf:pdf},
	pages = {397--404},
	title = {{A Deep Neural Network Architecture Using Dimensionality Reduction with Sparse Matrices}},
	url = {http://link.springer.com/10.1007/978-3-319-46681-1{\_}48},
	year = {2016}
}
@article{Wang2012,
	author = {Wang, Jing and He, Haibo and Prokhorov, Danil V.},
	doi = {10.1016/j.procs.2012.09.120},
	file = {:G$\backslash$:/My Drive/Research/PCA{\_}DCA/A Folded Neural Network Autoencoder for Dimensionality.pdf:pdf},
	isbn = {1401874584},
	issn = {18770509},
	journal = {Procedia Comput. Sci.},
	keywords = {Dimensionality reduction,Folded autoencoder,Image reconstruction,Neural network},
	pages = {120--127},
	title = {{A folded neural network autoencoder for dimensionality reduction}},
	url = {http://dx.doi.org/10.1016/j.procs.2012.09.120},
	volume = {13},
	year = {2012}
}
@article{Takahashi2013,
	author = {Takahashi, S. and Iwamura, K.},
	doi = {10.1109/AINA.2013.124},
	file = {:G$\backslash$:/My Drive/Research/Secrete Sharing database/papers/Secret sharing scheme suitable for cloud computing.pdf:pdf},
	isbn = {978-1-4673-5550-6},
	issn = {1550445X},
	journal = {2013 IEEE 27th Int. Conf. Adv. Inf. Netw. Appl.},
	keywords = {-secret sharing,cloud,computationally secure,computing,reduction of amount of,share},
	pages = {530--537},
	title = {{Secret Sharing Scheme Suitable for Cloud Computing}},
	url = {http://ieeexplore.ieee.org/document/6531800/},
	year = {2013}
}
@article{Pedersen2007,
	author = {Pedersen, Tb and Saygın, Y and Savaş, E},
	file = {:G$\backslash$:/My Drive/Research/Secrete Sharing database/papers/Secret Sharing vs. Encryption-based.pdf:pdf},
	journal = {Fac. Eng. Nat. Sci. Sabanci Univ. Istanbul, TURKEY},
	pages = {1--11},
	title = {{Secret charing vs. encryption-based techniques for privacy preserving data mining}},
	url = {http://research.sabanciuniv.edu/10217/},
	volume = {1},
	year = {2007}
}
@article{Wilson2003,
	author = {Wilson, Rick L and Rosen, Peter A},
	doi = {10.4018/jdm.2003040102},
	file = {:G$\backslash$:/My Drive/Research/Privacy-Preserving ML/papers/Protecting Data through perturbation techniques.pdf:pdf},
	issn = {10638016},
	journal = {Group},
	keywords = {confidentiality,data mining,data perturbation,data security},
	number = {June},
	pages = {14--26},
	title = {{Protecting Data through ‘ Perturbation ' Techniques : The Impact on Knowledge Discovery in Databases}},
	volume = {14},
	year = {2003}
}
@article{Kairouz2015,
	author = {Kairouz, Peter},
	file = {:G$\backslash$:/My Drive/Research/Privacy-Preserving ML/papers/secure-multi-party-differential-privacy(2016nips).pdf:pdf},
	journal = {Nips},
	pages = {1--9},
	title = {{Secure Multi-party Differential Privacy}},
	year = {2015}
}
@article{Kasiviswanathan2017,
	archivePrefix = {arXiv},
	arxivId = {1701.01093},
	author = {Kasiviswanathan, Shiva Prasad and Nissim, Kobbi and Jin, Hongxia},
	doi = {10.1145/3034786.3034795},
	eprint = {1701.01093},
	file = {:G$\backslash$:/My Drive/Research/Privacy-Preserving ML/papers/private incremental regression 2017.pdf:pdf},
	isbn = {9781450341981},
	pages = {167--182},
	title = {{Private Incremental Regression}},
	url = {http://arxiv.org/abs/1701.01093},
	year = {2017}
}
@article{Andersen2016,
	archivePrefix = {arXiv},
	arxivId = {arXiv:1610.06918v1},
	author = {Andersen, David G and Brain, Google},
	eprint = {arXiv:1610.06918v1},
	file = {:G$\backslash$:/My Drive/Research/Privacy-Preserving ML/papers/protech communication with adversarial neural network.pdf:pdf},
	pages = {1--15},
	title = {{L Earning To P Rotect C Ommunications}},
	year = {2016}
}
@article{Herzog2017,
	archivePrefix = {arXiv},
	arxivId = {1706.04265},
	author = {Herzog, Sebastian and Tetzlaff, Christian and W{\"{o}}rg{\"{o}}tter, Florentin},
	eprint = {1706.04265},
	file = {:G$\backslash$:/My Drive/Research/Privacy-Preserving ML/papers/Transfer entropy-based feedback improves performance in.pdf:pdf},
	title = {{Transfer entropy-based feedback improves performance in artificial neural networks}},
	url = {http://arxiv.org/abs/1706.04265},
	year = {2017}
}
@article{Papernot2016a,
	archivePrefix = {arXiv},
	arxivId = {1610.05755},
	author = {Papernot, Nicolas and Abadi, Mart{\'{i}}n and Erlingsson, {\'{U}}lfar and Goodfellow, Ian and Talwar, Kunal},
	eprint = {1610.05755},
	file = {:G$\backslash$:/My Drive/Research/Privacy-Preserving ML/papers/semi-supervised knoledge transfer for deep learning from private traininng data.pdf:pdf},
	number = {2015},
	pages = {1--16},
	title = {{Semi-supervised Knowledge Transfer for Deep Learning from Private Training Data}},
	url = {http://arxiv.org/abs/1610.05755},
	year = {2016}
}
@article{Micucci2016,
	archivePrefix = {arXiv},
	arxivId = {1611.07688},
	author = {Micucci, Daniela and Mobilio, Marco and Napoletano, Paolo},
	doi = {10.3390/app7101101},
	eprint = {1611.07688},
	file = {:G$\backslash$:/My Drive/Research/HAR/UniMiB SHAR  A Dataset for Human Activity Recognition Using Acceleration Data from.pdf:pdf},
	isbn = {2076-3417},
	issn = {20763417},
	keywords = {dataset,fall detection,human activity recognition,smartphone accelerometers},
	title = {{UniMiB SHAR: a new dataset for human activity recognition using acceleration data from smartphones}},
	url = {http://arxiv.org/abs/1611.07688},
	year = {2016}
}
@article{Sarwate2013,
	archivePrefix = {arXiv},
	arxivId = {NIHMS150003},
	author = {Sarwate, Anand D and Chaudhuri, Kamalika},
	doi = {10.1109/MSP.2013.2259911},
	eprint = {NIHMS150003},
	file = {:G$\backslash$:/My Drive/Research/Privacy-Preserving ML/papers/Signal processing and ML with DP(survey 2013).pdf:pdf},
	isbn = {9783642407277},
	issn = {1053-5888},
	journal = {IEEE Signal Process. Mag.},
	number = {5},
	pages = {86--94},
	pmid = {23964431},
	title = {{and Machine Learning}},
	volume = {30},
	year = {2013}
}
@article{Yao1986,
	archivePrefix = {arXiv},
	arxivId = {arXiv:1011.1669v3},
	author = {Yao, Andrew Chi-Chih},
	doi = {10.1109/SFCS.1986.25},
	eprint = {arXiv:1011.1669v3},
	file = {:G$\backslash$:/My Drive/Research/Privacy-Preserving ML/papers/How to generate and exchange secrets(garble circuit).pdf:pdf},
	isbn = {0-8186-0740-8},
	issn = {0272-5428},
	journal = {27th Annu. Symp. Found. Comput. Sci. (sfcs 1986)},
	number = {1},
	pages = {162--167},
	pmid = {25246403},
	title = {{How to generate and exchange secrets}},
	url = {http://ieeexplore.ieee.org/document/4568207/},
	year = {1986}
}
@article{Emekci2007,
	author = {Emekci, F. and Sahin, O. D. and Agrawal, D. and {El Abbadi}, A.},
	doi = {10.1016/j.datak.2007.02.004},
	file = {:G$\backslash$:/My Drive/Research/Privacy-Preserving ML/papers/Privacy preserving decision tree learning over multiple parties.pdf:pdf},
	issn = {0169023X},
	journal = {Data Knowl. Eng.},
	keywords = {Data mining,Data privacy and security,ID3},
	number = {2},
	pages = {348--361},
	title = {{Privacy preserving decision tree learning over multiple parties}},
	volume = {63},
	year = {2007}
}
@article{Bost2015,
	author = {Bost, Rapha{\"{e}}l and Popa, Ra and Tu, Stephen and Goldwasser, S},
	doi = {10.14722/ndss.2015.23241},
	file = {:G$\backslash$:/My Drive/Research/Privacy-Preserving ML/papers/Machine Learning Classification over Encrypted Data.pdf:pdf},
	isbn = {189156238X},
	issn = {03029743},
	journal = {Ndss '15},
	number = {February},
	pages = {1--31},
	title = {{Machine Learning Classification over Encrypted Data}},
	url = {http://eprint.iacr.org/2014/331.pdf},
	year = {2015}
}
@article{Chakrabarti2007,
	author = {Chakrabarti, Ayan and Rajagopalan, A. N. and Chellappa, Rama},
	doi = {10.1109/TMM.2007.893346},
	file = {:G$\backslash$:/My Drive/Research/Reconstruction/mutiple attacking/Literature papers/Super-Resolution of Face Images(IEEE2007).pdf:pdf},
	isbn = {1520-9210},
	issn = {15209210},
	journal = {IEEE Trans. Multimed.},
	keywords = {Face,Higher-order statistics,Kernel PCA,Principal component analysis (PCA),Super-resolution},
	number = {4},
	pages = {888--892},
	title = {{Super-resolution of face images using kernel PCA-based prior}},
	volume = {9},
	year = {2007}
}
@article{Park2003,
	archivePrefix = {arXiv},
	arxivId = {1504.06654},
	author = {Park, Sung Cheol and Park, Min Kyu and Kang, Moon Gi},
	doi = {10.1109/MSP.2003.1203207},
	eprint = {1504.06654},
	file = {:G$\backslash$:/My Drive/Research/Reconstruction/mutiple attacking/Literature papers/Super-Resolution Image Reconstruction  A Technical Overview(IEEE2003).pdf:pdf},
	isbn = {9781424468935},
	issn = {10535888},
	journal = {IEEE Signal Process. Mag.},
	number = {3},
	pages = {21--36},
	pmid = {22109467},
	title = {{Super-resolution image reconstruction: A technical overview}},
	volume = {20},
	year = {2003}
}
@article{Tan2011,
	author = {Tan, K and Yan, G and Yeo, J and Kotz, D},
	doi = {10.1109/INFCOM.2011.5935168},
	file = {:G$\backslash$:/My Drive/Research/Reconstruction/mutiple attacking/Literature papers/Privacy analysis of user association logs in a large-scale.pdf:pdf},
	isbn = {0743166X (ISSN); 9781424499212 (ISBN)},
	journal = {Ieee Infocom 2011},
	keywords = {Anonymization,Auxiliary information,Correlation attack,Data privacy,Large-scale wireless LAN,MAC address,Network users,Privacy analysis,Privacy risks,Sanitization,Sensitive informations,User privacy,Wireless users},
	pages = {31--35},
	title = {{Privacy analysis of user association logs in a large-scale wireless LAN}},
	url = {https://www.scopus.com/inward/record.uri?eid=2-s2.0-79960875831{\&}partnerID=40{\&}md5=a850b3e61c5eb4f71cb8f8eabe3eed67},
	year = {2011}
}
@article{B2017,
	author = {B, Somayeh Taheri and B, Morshedul Islam and B, Reihaneh Safavi-naini},
	doi = {10.1007/978-3-319-58469-0},
	file = {:G$\backslash$:/My Drive/Research/Reconstruction/mutiple attacking/papers/Privacy-Enhanced Profile-Based Authentication.pdf:pdf},
	isbn = {978-3-319-58468-3},
	keywords = {biometrics,profile,profile privacy,random projection},
	pages = {474--490},
	title = {{ICT Systems Security and Privacy Protection}},
	url = {http://link.springer.com/10.1007/978-3-319-58469-0},
	volume = {502},
	year = {2017}
}
@article{Shen2015,
	author = {Shen, Yilin and Jin, Hongxia},
	doi = {10.1109/ICDM.2014.140},
	file = {:G$\backslash$:/My Drive/Research/Reconstruction/mutiple attacking/Literature papers/Privacy-Preserving Personalized Recommendation(2014IEEE).pdf:pdf},
	isbn = {978-1-4799-4302-9},
	issn = {15504786},
	journal = {Proc. - IEEE Int. Conf. Data Mining, ICDM},
	keywords = {Data Perturbation,Differential Privacy,Learning and Optimization,Probabilistic Analysis,Recommender System},
	number = {January},
	pages = {540--549},
	title = {{Privacy-Preserving Personalized Recommendation: An Instance-Based Approach via Differential Privacy}},
	volume = {2015-Janua},
	year = {2015}
}
@article{Arjovsky2017,
	archivePrefix = {arXiv},
	arxivId = {1701.07875},
	author = {Arjovsky, Martin and Chintala, Soumith and Bottou, L{\'{e}}on},
	doi = {10.2507/daaam.scibook.2010.27},
	eprint = {1701.07875},
	file = {:G$\backslash$:/My Drive/Research/Reconstruction/mutiple attacking/papers/WGAN.pdf:pdf},
	isbn = {1406.2661},
	issn = {1701.07875},
	pmid = {19963286},
	title = {{Wasserstein GAN}},
	url = {http://arxiv.org/abs/1701.07875},
	year = {2017}
}
@article{Liu2008,
	author = {Liu, Kun and Giannella, Chris and Kargupta, Hillol},
	doi = {10.1007/978-0-387-70992-5_15},
	file = {:G$\backslash$:/My Drive/Research/Reconstruction/mutiple attacking/Literature papers/SURVEY OF ATTACK TECHNIQUES PPDPpdf.pdf:pdf},
	isbn = {978-0-387-70991-8},
	journal = {Privacy-Preserving Data Min.},
	pages = {359--381},
	title = {{A Survey of Attack Techniques on Privacy-Preserving Data Perturbation Methods}},
	year = {2008}
}
@article{Chen2007,
	author = {Chen, Keke and Sun, Gordon and Liu, L},
	file = {:G$\backslash$:/My Drive/Research/Reconstruction/mutiple attacking/Literature papers/Towards Attack-Resilient Geometric Data Perturbation.pdf:pdf},
	isbn = {9780898716306},
	journal = {SIAM data Min. Conf.},
	pages = {78--89},
	title = {{Towards attack-resilient geometric data perturbation}},
	url = {http://www.appliedmathematician.org/proceedings/datamining/2007/dm07{\_}008chen.pdf},
	year = {2007}
}
@article{Greenstein2007,
	author = {Greenstein, Ben and Greenstein, Ben and Gummadi, Ramakrishna and Gummadi, Ramakrishna and Pang, Jeffrey and Pang, Jeffrey and Chen, Mike Y. and Chen, Mike Y. and Kohno, Tadayoshi and Kohno, Tadayoshi and Seshan, Srinivasan and Seshan, Srinivasan and Wetherall, David and Wetherall, David},
	doi = {10.1.1.78.1814},
	file = {:G$\backslash$:/My Drive/Research/Reconstruction/mutiple attacking/Literature papers/Can Ferris Bueller Still Have His Day Off.pdf:pdf},
	journal = {Proc. 11th USENIX Work. Hot Top. Oper. Syst.},
	title = {{Can Ferris Bueller still have his day off? protecting privacy in the wireless era}},
	url = {http://portal.acm.org/citation.cfm?id=1361407},
	year = {2007}
}
@article{Huang2017,
	archivePrefix = {arXiv},
	arxivId = {1710.09549},
	author = {Huang, Chong and Kairouz, Peter and Chen, Xiao and Sankar, Lalitha and Rajagopal, Ram},
	doi = {10.3390/e19120656},
	eprint = {1710.09549},
	file = {:G$\backslash$:/My Drive/Research/Reconstruction/mutiple attacking/Literature papers/Context-Aware Generative Adversarial Privacy(2017).pdf:pdf},
	issn = {10994300},
	journal = {Entropy},
	keywords = {Adversarial network,Differential privacy,Error probability games,Generative adversarial networks,Generative adversarial privacy,Information theoretic privacy,Machine learning,Mutual information privacy,Privatizer network,Statistical data privacy},
	number = {12},
	pages = {1--32},
	title = {{Context-aware generative adversarial privacy}},
	volume = {19},
	year = {2017}
}
@article{Liu2008a,
	author = {Liu, Kun and Giannella, Chris and Kargupta, Hillol},
	doi = {10.1007/978-0-387-70992-5_15},
	file = {:G$\backslash$:/My Drive/Research/Reconstruction/mutiple attacking/Literature papers/A Survey of Attack Techniques on privacy-preserving data perturbation.pdf:pdf},
	isbn = {978-0-387-70991-8},
	journal = {Privacy-Preserving Data Min.},
	pages = {359--381},
	title = {{A Survey of Attack Techniques on Privacy-Preserving Data Perturbation Methods}},
	year = {2008}
}
@article{Makhzani2015,
	archivePrefix = {arXiv},
	arxivId = {1511.05644},
	author = {Makhzani, Alireza and Shlens, Jonathon and Jaitly, Navdeep and Goodfellow, Ian and Frey, Brendan},
	eprint = {1511.05644},
	file = {:G$\backslash$:/My Drive/Research/Reconstruction/mutiple attacking/Literature papers/Adversarial Autoencoders.pdf:pdf},
	isbn = {9781509008063},
	issn = {9781509008063},
	title = {{Adversarial Autoencoders}},
	url = {http://arxiv.org/abs/1511.05644},
	year = {2015}
}
@article{Nag2017,
	archivePrefix = {arXiv},
	arxivId = {1712.07540},
	author = {Nag, Sayan},
	doi = {10.17605/OSF.IO/RV65C},
	eprint = {1712.07540},
	file = {:G$\backslash$:/My Drive/Research/Reconstruction/mutiple attacking/Literature papers/Image Registration Techniques A Survey.pdf:pdf},
	keywords = {accuracy,classification,contribution,drawback,image registration,performance measures,registration quality},
	title = {{Image Registration Techniques: A Survey}},
	url = {http://arxiv.org/abs/1712.07540{\%}0Ahttp://dx.doi.org/10.17605/OSF.IO/RV65C},
	year = {2017}
}
@article{Sasatani2010,
	author = {Sasatani, S and Xian-Hua, Han and Yen-Wei, Chen},
	file = {:G$\backslash$:/My Drive/Research/Reconstruction/mutiple attacking/Literature papers/Image registration using PCA and Gradient Method for Super-resolution Imaging.pdf:pdf},
	isbn = {978-1-4244-7324-3},
	journal = {Proc. 2nd Int. Conf. Softw. Eng. Data Min.},
	keywords = {-super-resolutiont,3,4,algorithms for super-resolution such,and,component analysis,gradient method,image alignment,optical flow,principal,researches,were popularly in recently},
	pages = {631--634},
	title = {{Image Registration Using PCA And Gradient Method For Super-resolution Imaging}},
	year = {2010}
}
@article{Huang2005,
	author = {Huang, Zhengli and Du, Wenliang and Chen, Biao},
	doi = {10.1145/1066157.1066163},
	file = {:G$\backslash$:/My Drive/Research/Reconstruction/mutiple attacking/Literature papers/Deriving Private Information from Randomized Data(2005).pdf:pdf},
	isbn = {1595930604},
	issn = {07308078},
	journal = {Proc. 2005 ACM SIGMOD Int. Conf. Manag. data  - SIGMOD '05},
	keywords = {and,pca,privacy-preserving data mining,randomization},
	pages = {37},
	title = {{Deriving private information from randomized data}},
	url = {http://portal.acm.org/citation.cfm?doid=1066157.1066163},
	year = {2005}
}
@article{Kumar2009,
	author = {Kumar, Udayan and Helmy, Ahmed},
	doi = {10.1109/GLOCOM.2009.5426081},
	file = {:G$\backslash$:/My Drive/Research/Reconstruction/mutiple attacking/Literature papers/Human Behavior and Challenges of Anonymizing.pdf:pdf},
	isbn = {9781424441488},
	issn = {1930-529X},
	journal = {GLOBECOM - IEEE Glob. Telecommun. Conf.},
	keywords = {Human Behavior and Challenges of Anonymizing WLAN},
	pages = {1--6},
	title = {{Human behavior and challenges of anonymizing WLAN traces}},
	year = {2009}
}
@article{Honeine2011,
	author = {Honeine, Paul and Richard, Cedric},
	doi = {10.1109/MSP.2010.939747},
	file = {:G$\backslash$:/My Drive/Research/Reconstruction/KPCA Reconstruction/papers/PreImage Problem in Kernel-Based Machine learning (2011).pdf:pdf},
	isbn = {1053-5888},
	issn = {10535888},
	journal = {IEEE Signal Process. Mag.},
	keywords = {Classification algorithms,Kernel,Machine learning,Noise reduction,Optimization,Principal component analysis,Signal processing algorithms},
	number = {2},
	pages = {77--88},
	title = {{Preimage problem in kernel-based machine learning}},
	volume = {28},
	year = {2011}
}
@article{BakIr2004,
	author = {BakIr, Goekhan H and Weston, Jason and Sch{\"{o}}lkopf, Bernhard},
	doi = {10.1.1.68.5164},
	file = {:G$\backslash$:/My Drive/Research/Reconstruction/KPCA Reconstruction/papers/learning-to-find-pre-images(2004).pdf:pdf},
	isbn = {0-262-20152-6},
	issn = {03029743},
	journal = {Adv. neural Inf. Process. Syst. 16},
	number = {iii},
	pages = {449--456},
	title = {{Learning to Find Pre-Images}},
	url = {http://eprints.pascal-network.org/archive/00000398/},
	year = {2004}
}
@article{Bengio2003,
	author = {Bengio, Yoshua and Vincent, Pascal},
	file = {:G$\backslash$:/My Drive/Research/Reconstruction/KPCA Reconstruction/papers/Spectral Clustering and .pdf:pdf},
	journal = {Dpartement d{\&}{\#}39;informatique et},
	pages = {1--27},
	title = {{Learning eigenfunctions of similarity: linking spectral clustering and kernel PCA}},
	url = {http://www.iro.umontreal.ca/{~}lisa/pointeurs/TR1232.pdf},
	year = {2003}
}
@article{Bengio2003a,
	author = {Bengio, Yoshua and Paiement, Jean-Francois and Vincent, Pascal and Delalleau, Oliver and Roux, Nicolas Le and Ouimet, Marie},
	doi = {10.1.1.9.3475},
	file = {:G$\backslash$:/My Drive/Research/Reconstruction/KPCA Reconstruction/papers/Out-of-Sample non linear manifold learning NIPS2003{\_}AA23.pdf:pdf},
	isbn = {0262201526},
	issn = {10495258},
	journal = {Adv. Neural Inf. Process. Syst.},
	number = {April 2016},
	pages = {177--184},
	title = {{Out-of-sample extensions for lle, isomap, mds, eigenmaps, and spectral clustering}},
	url = {http://books.google.com/books?hl=en{\&}lr={\&}id=0F-9C7K8fQ8C{\&}oi=fnd{\&}pg=PA177{\&}dq=Out-of-Sample+Extensions+for+LLE+,+Isomap+,+MDS+,+Eigenmaps+,+and+Spectral+Clustering{\&}ots=THFrnVQ744{\&}sig=ey6TtomIwE5{\_}lZhMX5ZOSLevo-c},
	year = {2003}
}
@article{,
	file = {:G$\backslash$:/My Drive/Research/Reconstruction/mutiple attacking/Document/My paper/MultipleImagesAttack.pdf:pdf},
	number = {December},
	pages = {2017},
	title = {{Common Information Perturbation Attack}},
	year = {2017}
}
@article{Nguyen,
	author = {Nguyen, Hung and Wu, Peiyuan and Chang, Morris},
	file = {:G$\backslash$:/My Drive/Research/Reconstruction/mutiple attacking/Document/Poster-24x36{\_}V1.0.pdf:pdf},
	title = {{Privacy Leakage Problem with Shared Data in Smart City}}
}
@article{Kwok2004,
	author = {Kwok, James Tin Yau and Tsang, Ivor Wai Hung},
	doi = {10.1109/TNN.2004.837781},
	file = {:G$\backslash$:/My Drive/Research/Reconstruction/KPCA Reconstruction/papers/The Pre-Image Problem in Kernel Metho ds(2004).pdf:pdf},
	isbn = {9781599040424},
	issn = {10459227},
	journal = {IEEE Trans. Neural Networks},
	keywords = {Kernel principal component analysis (PCA),Multidimensional scaling (NMS),Pre-image},
	number = {6},
	pages = {1517--1525},
	pmid = {15565778},
	title = {{The pre-image problem in kernel methods}},
	volume = {15},
	year = {2004}
}
@article{Shell2017,
	archivePrefix = {arXiv},
	arxivId = {suresh govindarajan},
	author = {Shell, Michael},
	doi = {10.1109/JSEN.2017.2719579},
	eprint = {suresh govindarajan},
	file = {:C$\backslash$:/Users/fanxeeng/AppData/Local/Mendeley Ltd./Mendeley Desktop/Downloaded/Shell - 2017 - How to Use the IEEEtran LATEX Class.pdf:pdf},
	isbn = {1097-4199 (Electronic)$\backslash$r0896-6273 (Linking)},
	issn = {1530-437X},
	journal = {IEEE Sens. J.},
	number = {8},
	pages = {1--1},
	pmid = {18701059},
	title = {{How to Use the IEEEtran LATEX Class}},
	url = {http://ieeexplore.ieee.org/document/7956144/},
	volume = {14},
	year = {2017}
}
@article{Al-rubaie2018,
	author = {Al-rubaie, Mohammad and Florida, South},
	file = {:G$\backslash$:/My Drive/Research/Privacy-Preserving ML/papers/PPML Threats and solutions(Mohammad).pdf:pdf},
	keywords = {cryptography,differential privacy,dimensionality,machine learning,privacy},
	pages = {1--16},
	title = {{Privacy Preserving Machine Learning : Applications , Threats , and Solutions}},
	year = {2018}
}
@article{Kumar2016,
	author = {Kumar, Saurabh and Kumar, Pradeep and Bhasker, Bharat},
	doi = {10.1109/FSKD.2016.7603355},
	file = {:G$\backslash$:/My Drive/Research/Privacy-Preserving ML/papers/Privacy Preserving Graph Publishing using Fuzzy Set (2016,IEE).pdf:pdf},
	isbn = {9781509040933},
	journal = {2016 12th Int. Conf. Nat. Comput. Fuzzy Syst. Knowl. Discov. ICNC-FSKD 2016},
	keywords = {fuzzy sets,graph publishing,na{\"{i}}ve anonymization,privacy preserving},
	pages = {1233--1238},
	title = {{Privacy preserving graph publishing using fuzzy set}},
	year = {2016}
}
@article{Hamm2016,
	archivePrefix = {arXiv},
	arxivId = {1602.03552},
	author = {Hamm, Jihun and Cao, Paul and Belkin, Mikhail},
	eprint = {1602.03552},
	file = {:G$\backslash$:/My Drive/Research/Privacy-Preserving ML/papers/learning Privately from multiparty data(2016).pdf:pdf},
	isbn = {9781510829008},
	title = {{Learning Privately from Multiparty Data}},
	url = {http://arxiv.org/abs/1602.03552},
	year = {2016}
}
@article{Mercier2018,
	author = {Mercier, Samuel and Uysal, Ismail},
	doi = {10.1016/j.chemolab.2018.04.001},
	file = {:G$\backslash$:/My Drive/Research/Privacy-Preserving ML/papers/Matrix{\_}completion.pdf:pdf},
	issn = {18733239},
	journal = {Chemom. Intell. Lab. Syst.},
	keywords = {Matrix completion,Neural network,Noisy matrices,Principal component analysis (PCA),Trimmed scores regression (TSR)},
	number = {Nips},
	pages = {1--7},
	title = {{Noisy matrix completion on a novel neural network framework}},
	volume = {177},
	year = {2018}
}
@article{Shokri,
	author = {Shokri, Reza and Tech, Cornell},
	doi = {10.1145/2810103.2813687},
	file = {:G$\backslash$:/My Drive/Research/Privacy-Preserving ML/papers/Privacy-preserving deep learning.pdf:pdf},
	isbn = {9781450338325},
	issn = {15437221},
	keywords = {deep learning,gradient descent,neural networks,privacy},
	pages = {1310--1321},
	title = {{Privacy-Preserving Deep Learning}}
}
@article{Xu2015,
	author = {Xu, Kaihe and Yue, Hao and Guo, Linke and Guo, Yuanxiong and Fang, Yuguang},
	doi = {10.1109/ICDCS.2015.40},
	file = {:G$\backslash$:/My Drive/Research/Privacy-Preserving ML/papers/Privacy-preserving Machine Learning Algorithms for bigdata sys(2015 survey).pdf:pdf},
	isbn = {978-1-4673-7214-5},
	issn = {1063-6927},
	journal = {2015 IEEE 35th Int. Conf. Distrib. Comput. Syst.},
	pages = {318--327},
	title = {{Privacy-Preserving Machine Learning Algorithms for Big Data Systems}},
	url = {http://ieeexplore.ieee.org/document/7164918/},
	year = {2015}
}
@article{Bhuyan2014,
	author = {Bhuyan, Hemanta Kumar and Kamila, Narendra Kumar},
	doi = {10.1007/s10586-014-0393-9},
	file = {:G$\backslash$:/My Drive/Research/Privacy-Preserving ML/papers/Privacy preserving sub-feature selection based on fuzzy(2014).pdf:pdf},
	issn = {15737543},
	journal = {Cluster Comput.},
	keywords = {Distributed data mining,Feature selection,Fuzzy probabilities,Privacy},
	number = {4},
	pages = {1383--1399},
	title = {{Privacy preserving sub-feature selection based on fuzzy probabilities}},
	volume = {17},
	year = {2014}
}
@article{Gheid2016,
	author = {Gheid, Zakaria and Challal, Yacine},
	doi = {10.1109/TrustCom.2016.0140},
	file = {:G$\backslash$:/My Drive/Research/Privacy-Preserving ML/papers/privacy preserving K means clustering.pdf:pdf},
	isbn = {9781509032051},
	issn = {2324-9013},
	journal = {Proc. - 15th IEEE Int. Conf. Trust. Secur. Priv. Comput. Commun. 10th IEEE Int. Conf. Big Data Sci. Eng. 14th IEEE Int. Symp. Parallel Distrib. Proce},
	keywords = {Big data,Efficiency,Horizontally partitioned data,K-means clustering,Privacy},
	pages = {791--798},
	title = {{Efficient and privacy-preserving k-means clustering for big data mining}},
	year = {2016}
}
@article{,
	file = {:G$\backslash$:/My Drive/Research/Privacy-Preserving ML/papers/EWP10742.pdf:pdf},
	title = {{We ' Re Thinking of You}}
}
@article{Zhuang,
	author = {Zhuang, Di and Wang, Sen and Chang, J Morris},
	file = {:G$\backslash$:/My Drive/Research/Privacy-Preserving ML/papers/FRiPAL.pdf:pdf},
	title = {{FRiPAL : F ace R ecognition i n P rivacy A bstraction L ayer}}
}
@article{Park2016,
	archivePrefix = {arXiv},
	arxivId = {1605.06995},
	author = {Park, Mijung and Foulds, Jimmy and Chaudhuri, Kamalika and Welling, Max},
	eprint = {1605.06995},
	file = {:G$\backslash$:/My Drive/Research/Privacy-Preserving ML/papers/Differentially Private Expectation Maximization(2016).pdf:pdf},
	issn = {1938-7228},
	title = {{DP-EM: Differentially Private Expectation Maximization}},
	url = {http://arxiv.org/abs/1605.06995},
	year = {2016}
}
@article{Vijayan2016,
	author = {Vijayan, K and Raaza, Arun},
	doi = {10.17485/ijst/2016/v9i},
	file = {:G$\backslash$:/My Drive/Research/Privacy-Preserving ML/papers/Enhance PrivacyPreserving using cluster based(2016).pdf:pdf},
	issn = {0974-5645},
	keywords = {cluster head selection,clustering,clustering methods,efficient routing protocol,energy network lifetime,hundreds of sensor devices,is a network composed,that communicate wirelessly,uneven,wireless sensor network,wireless sensor network 1,with},
	number = {January},
	pages = {4--10},
	title = {{A Novel Cluster Arrangement Energy Efficient Routing Protocol for Wireless Sensor Networks}},
	volume = {9},
	year = {2016}
}
@article{Ricard2017,
	author = {Ricard, Robin},
	file = {:G$\backslash$:/My Drive/Research/Privacy-Preserving ML/papers/Generative Adversarial Networks Part 1 - Understanding GANs.pdf:pdf},
	number = {5},
	pages = {1--6},
	title = {{Generative Adversarial Networks Part 2}},
	year = {2017}
}
@article{Ricard2017a,
	author = {Ricard, Robin},
	file = {:G$\backslash$:/My Drive/Research/Privacy-Preserving ML/papers/Generative Adversarial Networks Part 2 - Implementation with Keras 2.pdf:pdf},
	number = {5},
	pages = {1--6},
	title = {{Generative Adversarial Networks Part 2}},
	year = {2017}
}
@article{Zhang2012,
	archivePrefix = {arXiv},
	arxivId = {1208.0219},
	author = {Zhang, Jun and Zhang, Zhenjie and Xiao, Xiaokui and Yang, Yin and Winslett, Marianne},
	eprint = {1208.0219},
	file = {:G$\backslash$:/My Drive/Research/Privacy-Preserving ML/papers/Functional Mechanism  Regression Analysis under differential privacy.pdf:pdf},
	issn = {21508097},
	pages = {1364--1375},
	title = {{Functional Mechanism: Regression Analysis under Differential Privacy}},
	url = {http://arxiv.org/abs/1208.0219},
	year = {2012}
}
@article{Goodfellow2014,
	archivePrefix = {arXiv},
	arxivId = {1406.2661},
	author = {Goodfellow, Ian J. and Pouget-Abadie, Jean and Mirza, Mehdi and Xu, Bing and Warde-Farley, David and Ozair, Sherjil and Courville, Aaron and Bengio, Yoshua},
	doi = {10.1001/jamainternmed.2016.8245},
	eprint = {1406.2661},
	file = {:G$\backslash$:/My Drive/Research/Privacy-Preserving ML/papers/Generative Adversarial Nets(Goodfellow).pdf:pdf},
	isbn = {1406.2661},
	issn = {10495258},
	pages = {1--9},
	pmid = {15040217},
	title = {{Generative Adversarial Networks}},
	url = {http://arxiv.org/abs/1406.2661},
	year = {2014}
}
@article{Hitaj2017,
	archivePrefix = {arXiv},
	arxivId = {1702.07464},
	author = {Hitaj, Briland and Ateniese, Giuseppe and Perez-Cruz, Fernando},
	doi = {10.1145/3133956.3134012},
	eprint = {1702.07464},
	file = {:G$\backslash$:/My Drive/Research/Privacy-Preserving ML/papers/Deep Models Under the GAN- information Leakage from collaborative deep learning.pdf:pdf},
	isbn = {9781450349468},
	issn = {15437221},
	keywords = {collaborative learning,deep learning,it,most data,privacy,s not who has,s who has the,security,the best algorithm that,wins},
	title = {{Deep Models Under the GAN: Information Leakage from Collaborative Deep Learning}},
	url = {http://arxiv.org/abs/1702.07464},
	year = {2017}
}
@article{DefenseAdvancedResearchProjectsAgency2015,
	abstract = {DARPA is soliciting innovative research proposals in the area of data privacy. Proposed research should investigate innovative approaches that enable revolutionary advances in privacy science or systems.},
	author = {{Defense Advanced Research Projects Agency}},
	file = {:G$\backslash$:/My Drive/Research/Privacy-Preserving ML/papers/DARPA-BAA-15-29{\_}Brandeis.pdf:pdf},
	title = {{Broad Agency Announcement. Brandeis. DARPA-BAA-15-29}},
	url = {https://www.fbo.gov/utils/view?id=e43112ab5edecd90451af081187cb7b5},
	year = {2015}
}
@article{Phan2016,
	author = {Phan, Nhathai and Wang, Yue and Wu, Xintao and Dou, Dejing},
	file = {:G$\backslash$:/My Drive/Research/Privacy-Preserving ML/papers/Differential Privacy Preservation for Deep Auto Encoders.pdf:pdf},
	isbn = {9781577357605},
	journal = {Aaai},
	keywords = {Technical Papers: Machine Learning Applications},
	pages = {1309--1316},
	title = {{Differential Privacy Preservation for Deep Auto-Encoders: An Application of Human Behavior Prediction}},
	year = {2016}
}
@article{Jahan,
	author = {Jahan, Thanveer},
	file = {:G$\backslash$:/My Drive/Research/Privacy-Preserving ML/papers/data perturbation using fuzzy logic to preserve privacy(2013).pdf:pdf},
	keywords = {bership functions,classification,data distortion,fuzzy logic,fuzzy mem-},
	pages = {2--6},
	title = {{Data perturbation using fuzzy logic to preserve privacy}}
}
@article{Abadi2016,
	archivePrefix = {arXiv},
	arxivId = {1607.00133},
	author = {Abadi, Mart{\'{i}}n and Chu, Andy and Goodfellow, Ian and McMahan, H. Brendan and Mironov, Ilya and Talwar, Kunal and Zhang, Li},
	doi = {10.1145/2976749.2978318},
	eprint = {1607.00133},
	file = {:G$\backslash$:/My Drive/Research/Privacy-Preserving ML/papers/Deep learning with differential privacy(2016).pdf:pdf},
	isbn = {9781450341394},
	issn = {9781450321389},
	number = {Ccs},
	title = {{Deep Learning with Differential Privacy}},
	year = {2016}
}
@article{VanDerMaaten2009,
	author = {{Van Der Maaten}, Laurens and Postma, Eric and {Van Den Herik}, Jaap},
	doi = {10.1080/13506280444000102},
	file = {:G$\backslash$:/My Drive/Research/Reconstruction/KPCA Reconstruction/papers/Dimemtionality reduction review.pdf:pdf},
	issn = {0169328X},
	journal = {October},
	pages = {1--35},
	pmid = {7877450},
	title = {{Dimensionality Reduction : A Comparative Review}},
	url = {http://www.uvt.nl/ticc},
	year = {2009}
}
@article{Kuchibholta,
	author = {Kuchibholta, Sujeet and Eswaran, K and Plaza, Sri Manu and Nagar, A S Rao},
	file = {:G$\backslash$:/My Drive/Research/Reconstruction/KPCA Reconstruction/papers/DIMENSIONALITY REDUCTION AND RECONSTRUCTION USING .pdf:pdf},
	journal = {Network},
	keywords = {adalines,characteristic vector,classification,image pattern,mirroring neural network,neural networks are used,non-linear dimensionality,reduction,to mirror the input},
	number = {1},
	title = {{Dimensionality Reduction and Reconstruction Using Mirroring Neural Networks and Object Recognition Based}}
}
@article{Honeine2011a,
	author = {Honeine, Paul and Richard, C{\'{e}}dric},
	doi = {10.1007/s11265-010-0482-9},
	file = {:G$\backslash$:/My Drive/Research/Reconstruction/KPCA Reconstruction/papers/A Closed-form Solution for the Pre-image Problem in Kernel-based Machines(2010).pdf:pdf},
	issn = {19398018},
	journal = {J. Signal Process. Syst.},
	keywords = {Kernel-PCA,Kernel-based machines,Linear algebra,Nonlinear denoising,Pre-image problem},
	number = {3},
	pages = {289--299},
	title = {{A closed-form solution for the pre-image problem in Kernel-based machines}},
	volume = {65},
	year = {2011}
}
@article{Kampffmeyer2017,
	archivePrefix = {arXiv},
	arxivId = {1702.02526},
	author = {Kampffmeyer, Michael and L{\o}kse, Sigurd and Bianchi, Filippo M. and Jenssen, Robert and Livi, Lorenzo},
	doi = {10.1007/978-3-319-59126-1_35},
	eprint = {1702.02526},
	file = {:G$\backslash$:/My Drive/Research/Reconstruction/KPCA Reconstruction/papers/Deep Kernelized Autoencoders(arxiv,2017).pdf:pdf},
	isbn = {9783319591254},
	issn = {16113349},
	journal = {Lect. Notes Comput. Sci. (including Subser. Lect. Notes Artif. Intell. Lect. Notes Bioinformatics)},
	keywords = {Autoencoders,Deep learning,Kernel methods,Representation learning},
	number = {ml},
	pages = {419--430},
	title = {{Deep kernelized autoencoders}},
	volume = {10269 LNCS},
	year = {2017}
}
@article{Tsuda2005,
	author = {Tsuda, Koji and R{\"{a}}tsch, Gunnar},
	file = {:G$\backslash$:/My Drive/Research/Reconstruction/KPCA Reconstruction/papers/Image Reconstruction by Linear Programming(2005).pdf:pdf},
	number = {6},
	pages = {737--744},
	title = {{Image Reconstruction by Linear Programming}},
	volume = {14},
	year = {2005}
}
@article{Osadchy2011,
	author = {Osadchy, Rita},
	file = {:G$\backslash$:/My Drive/Research/Reconstruction/KPCA Reconstruction/papers/KPCA.pdf:pdf},
	keywords = {Dimensionality Reduction,Kernel PCA,Unsupervised Learning},
	title = {{Kernel PCA - Unsupervised Learning 2011}},
	url = {http://www.cs.haifa.ac.il/{~}rita/uml{\_}course/lectures/KPCA.pdf},
	year = {2011}
}
@article{Giraldi2008,
	author = {Giraldi, Gilson A. and Rodrigues, Paulo S. and Kitani, Edson C. and Thomaz, Carlos E.},
	file = {:G$\backslash$:/My Drive/Research/Reconstruction/KPCA Reconstruction/papers/Dimensionality Reduction, Classification and reconstruction.pdf:pdf},
	issn = {21752745},
	journal = {Rev. Inform{\'{a}}tica Te{\'{o}}rica e Apl.},
	number = {1},
	pages = {137--169},
	title = {{Dimensionality Reduction, Classification and Reconstruction Problems in Statistical Learning Approaches}},
	url = {http://seer.ufrgs.br/index.php/rita/article/view/rita{\_}v15{\_}n1{\_}p137-169},
	volume = {15},
	year = {2008}
}
@article{Liu2004,
	author = {Liu, Qingshan and Cheng, Jian and Lu, Hanqing and Ma, Songde},
	doi = {10.1109/ICPR.2004.1334618},
	file = {:G$\backslash$:/My Drive/Research/Reconstruction/KPCA Reconstruction/papers/Distance Based Kernel PCA Image Reconstruction (2004,IEEE).pdf:pdf},
	isbn = {0-7695-2128-2},
	journal = {Proc. 17th Int. Conf. Pattern Recognition, 2004. ICPR 2004.},
	pages = {670--673 Vol.3},
	title = {{Distance based kernel PCA image reconstruction}},
	url = {http://ieeexplore.ieee.org/lpdocs/epic03/wrapper.htm?arnumber=1334618},
	year = {2004}
}
@article{Statement,
	author = {Statement, Problem and Solution, The},
	file = {:G$\backslash$:/My Drive/Research/PCA{\_}DCA/PCA{\_}LDA{\_}matlabCode{\_}ch11.pdf:pdf},
	pages = {1--18},
	title = {{Methodology of Practical PCA x LDA}}
}
@article{Kung2017,
	author = {Kung, Sun Yuan},
	doi = {10.1007/s11042-015-2959-9},
	file = {:G$\backslash$:/My Drive/Research/PCA{\_}DCA/DCA{\_}DrKung.pdf:pdf},
	isbn = {13807501 (ISSN)},
	issn = {15737721},
	journal = {Multimed. Tools Appl.},
	number = {3},
	pages = {3999--4034},
	publisher = {Multimedia Tools and Applications},
	title = {{Discriminant component analysis for privacy protection and visualization of big data}},
	url = {http://dx.doi.org/10.1007/s11042-015-2959-9},
	volume = {76},
	year = {2017}
}
@article{Li2011,
	doi = {10.1177/1420326X11423163},
	file = {:G$\backslash$:/My Drive/Research/PCA{\_}DCA/PCA{\_}DFT{\_}clds-icml11.pdf:pdf},
	isbn = {978-1-4503-0619-5},
	issn = {10636919},
	journal = {Proc. IEEE Comput. Soc. Conf. Comput. Vis. Pattern Recognit.},
	number = {1},
	pages = {137--146},
	pmid = {3304184855600425833},
	title = {{Time Series Clustering: Complex is Simpler!}},
	volume = {28},
	year = {2011}
}
@article{Tsoy2012,
	author = {Tsoy, Yury},
	doi = {10.1109/IFOST.2012.6357613},
	file = {:G$\backslash$:/My Drive/Research/PCA{\_}DCA/Using Neural Networks for Dynamic Reduction of the 2012.pdf:pdf},
	isbn = {9781467317702},
	journal = {Proc. - 2012 7th Int. Forum Strateg. Technol. IFOST 2012},
	keywords = {dynamical features space reduction,generalized hebbian algorithm,neuroevolution,principal components analysis},
	number = {1},
	title = {{Using neural networks for dynamic reduction of the features space dimensionality}},
	year = {2012}
}
@article{Holden2006,
	archivePrefix = {arXiv},
	arxivId = {20},
	author = {Holden, A J and Robbins, D J and Stewart, W J and Smith, D R and Schultz, S and Wegener, M and Linden, S and Hormann, C and Enkrich, C and Wegener, M and Soukoulis, C M and Linden, S and Schurig, D and Smith, D R and Enkrich, C and Wegener, M and Soukoulis, C M and Linden, S and Taylor, A J and Highstrete, C and Lee, M and Averitt, R D and Schultz, S and Markos, P and Soukoulis, C M and Mcpeake, D and Ramakrishna, S A and Pendry, J B and Shalaev, V M and Maksimchuk, M and Umstadter, D and Chen, W and Shen, Y R and Moloney, J V},
	doi = {10.1126/science.1127647},
	eprint = {20},
	file = {:G$\backslash$:/My Drive/Research/PCA{\_}DCA/Reducing the Dimensionality of Data with Neural Networks.pdf:pdf},
	isbn = {3135786504},
	issn = {0036-8075},
	number = {July},
	pages = {504--507},
	pmid = {16873662},
	title = {{Science}},
	volume = {313},
	year = {2006}
}
@article{Bellamine2008,
	author = {Bellamine, F.H. and Elkamel, A.},
	doi = {10.1108/02644400810881383},
	file = {:G$\backslash$:/My Drive/Research/PCA{\_}DCA/Model order reduction using neural.pdf:pdf},
	isbn = {1746566071083},
	issn = {0264-4401},
	journal = {Eng. Comput.},
	number = {5},
	pages = {443--463},
	title = {{Model order reduction using neural network principal component analysis and generalized dimensional analysis}},
	url = {http://www.emeraldinsight.com/doi/10.1108/02644400810881383},
	volume = {25},
	year = {2008}
}
@article{Jaakkola,
	author = {Jaakkola, Tommi},
	file = {:G$\backslash$:/My Drive/Research/Privacy-Preserving ML/papers/controlling-privacy-in-recommender-systems(NIPS2014).pdf:pdf},
	pages = {1--9},
	title = {{Controlling privacy in recommender systems}}
}
@article{Raja,
	archivePrefix = {arXiv},
	arxivId = {arXiv:1412.7839v2},
	author = {Raja, Haroon and Bajwa, Waheed U},
	eprint = {arXiv:1412.7839v2},
	file = {:G$\backslash$:/My Drive/Research/Privacy-Preserving ML/papers/Cloud K-SVD- A Collaborative Dictionary Learning.pdf:pdf},
	pages = {1--16},
	title = {{Cloud K-SVD : A Collaborative Dictionary Learning Algorithm for Big , Distributed Data}}
}
@article{Nissenbaum2011,
	author = {Nissenbaum, Helen},
	file = {:G$\backslash$:/My Drive/Research/Privacy-Preserving ML/papers/A Contextual Approach to Privacy Online.pdf:pdf},
	pages = {32--48},
	title = {{A Contextual Approach to Privacy Online}},
	year = {2011}
}
@book{,
	file = {:G$\backslash$:/My Drive/Research/Privacy-Preserving ML/papers/[Charu{\_}C.{\_}Aggarwal,{\_}Philip{\_}S.{\_}Yu]{\_}Privacy-Preservi(BookSee.org).pdf:pdf},
	isbn = {9780387699363},
	title = {{Privacy-Preserving Data Mining}}
}
@article{Diakonikolas,
	author = {Diakonikolas, Ilias and Hardt, Moritz and Schmidt, Ludwig},
	file = {:G$\backslash$:/My Drive/Research/Privacy-Preserving ML/papers/5713-differentially-private-learning-of-structured-discrete-distributions(NIPS2015).pdf:pdf},
	pages = {1--9},
	title = {{Differentially Private Learning of Structured Discrete Distributions}}
}
@article{Rubinstein2012,
	author = {Rubinstein, Benjamin I P and Bartlett, Peter L and Huang, Ling and Taft, Nina},
	file = {:G$\backslash$:/My Drive/Research/Privacy-Preserving ML/DP/papers/Privacy-Preserving Mechanisms for SVM Learning(2012).pdf:pdf},
	number = {1},
	pages = {65--100},
	title = {{Learning in a Large Function Space : Privacy-Preserving Mechanisms for SVM Learning}},
	year = {2012}
}
@article{Chaudhuri,
	author = {Chaudhuri, Kamalika},
	file = {:G$\backslash$:/My Drive/Research/Privacy-Preserving ML/DP/papers/Privacy-preserving logistic regression.pdf:pdf},
	pages = {1--8},
	title = {{Privacy-preserving logistic regression}}
}
@article{Chaudhuri2011,
	author = {Chaudhuri, Kamalika},
	file = {:G$\backslash$:/My Drive/Research/Privacy-Preserving ML/DP/papers/Differentially Private Empirical Risk Minimization.pdf:pdf},
	keywords = {classification,empirical risk minimization,optimization,privacy,support vector ma-},
	pages = {1069--1109},
	title = {{Differentially Private Empirical Risk Minimization}},
	volume = {12},
	year = {2011}
}
@article{Chaudhuria,
	author = {Chaudhuri, Kamalika and Sarwate, Anand D},
	file = {:G$\backslash$:/My Drive/Research/Privacy-Preserving ML/DP/papers/DP{\_}Machine{\_}learning{\_}WIFStutorial.pdf:pdf},
	title = {{Differential privacy and machine learning Some Motivation}}
}
@article{Hesamifard2017,
	archivePrefix = {arXiv},
	arxivId = {arXiv:1711.05189v1},
	author = {Hesamifard, Ehsan and Takabi, Hassan and Ghasemi, Mehdi},
	eprint = {arXiv:1711.05189v1},
	file = {:G$\backslash$:/My Drive/Research/Privacy-Preserving ML/DP/papers/CryptoDL Deep Neural Networks over Encrypted Data.pdf:pdf},
	pages = {1--21},
	title = {{CryptoDL : Deep Neural Networks over Encrypted Data}},
	year = {2017}
}
@inproceedings{celeba,
	title = {Deep Learning Face Attributes in the Wild},
	author = {Liu, Ziwei and Luo, Ping and Wang, Xiaogang and Tang, Xiaoou},
	booktitle = {Proceedings of International Conference on Computer Vision (ICCV)},
	month = {December},
	year = {2015} 
}


@article{PCA,
	author = { Svante Wold, Kim Esbensen and Paul Geladi},
	title = {{Principal component analysis}},
	journal = {Chemometrics and intelligent laboratory systems.},
	volume = {2},
	issn = {1-3},
	pages = {37--52},
	year = {1987}
}

@inproceedings{vgg,
	author    = {Karen Simonyan and
	Andrew Zisserman},
	title     = {Very Deep Convolutional Networks for Large-Scale Image Recognition},
	booktitle = {3rd International Conference on Learning Representations, {ICLR} 2015,
	San Diego, CA, USA, May 7-9, 2015, Conference Track Proceedings},
	year      = {2015},
	crossref  = {DBLP:conf/iclr/2015},
	url       = {http://arxiv.org/abs/1409.1556},
	timestamp = {Wed, 17 Jul 2019 10:40:54 +0200},
	biburl    = {https://dblp.org/rec/bib/journals/corr/SimonyanZ14a},
	bibsource = {dblp computer science bibliography, https://dblp.org}
}
@inproceedings{Raphael,
	author = {Bost, Raphael and Ada Popa, Raluca and Tu, Stephen and Goldwasser, Shafi},
	year = {2015},
	month = {01},
	pages = {},
	title = {Machine Learning Classification over Encrypted Data},
	doi = {10.14722/ndss.2015.23241}
}
@article{Hesamifard,
	author    = {Ehsan Hesamifard and
	Hassan Takabi and
	Mehdi Ghasemi},
	title     = {CryptoDL: Deep Neural Networks over Encrypted Data},
	journal   = {CoRR},
	volume    = {abs/1711.05189},
	year      = {2017},
	url       = {http://arxiv.org/abs/1711.05189},
	archivePrefix = {arXiv},
	eprint    = {1711.05189},
	timestamp = {Mon, 13 Aug 2018 16:46:01 +0200},
	biburl    = {https://dblp.org/rec/bib/journals/corr/abs-1711-05189},
	bibsource = {dblp computer science bibliography, https://dblp.org}
}
@inproceedings{NIPS2008,
	title = {Privacy-preserving logistic regression},
	author = {Chaudhuri, Kamalika and Claire Monteleoni},
	booktitle = {Advances in Neural Information Processing Systems 21},
	editor = {D. Koller and D. Schuurmans and Y. Bengio and L. Bottou},
	pages = {289--296},
	year = {2009},
	publisher = {Curran Associates, Inc.}
}
@article{Wu,
	author    = {Nan Wu and
	Farhad Farokhi and
	David Smith and
	Mohamed Ali K{\^{a}}afar},
	title     = {The Value of Collaboration in Convex Machine Learning with Differential
	Privacy},
	journal   = {CoRR},
	volume    = {abs/1906.09679},
	year      = {2019},
	url       = {http://arxiv.org/abs/1906.09679},
	archivePrefix = {arXiv},
	eprint    = {1906.09679},
	timestamp = {Thu, 27 Jun 2019 18:54:51 +0200},
	biburl    = {https://dblp.org/rec/bib/journals/corr/abs-1906-09679},
	bibsource = {dblp computer science bibliography, https://dblp.org}
}
@article{MYang, 
	author={M. {Yang} and T. {Zhu} and B. {Liu} and Y. {Xiang} and W. {Zhou}}, 
	journal={IEEE Access}, 
	title={Machine Learning Differential Privacy With Multifunctional Aggregation in a Fog Computing Architecture}, 
	year={2018}, 
	volume={6}, 
	number={}, 
	pages={17119-17129}, 
	keywords={Data privacy;Servers;Sensors;Privacy;Cloud computing;Data aggregation;Edge computing;Data aggregation;differential privacy;fog computing}, 
	doi={10.1109/ACCESS.2018.2817523}, 
	ISSN={2169-3536}, 
	month={},}

@ARTICLE{7815484, 
	author={S. Y. {Kung}}, 
	journal={IEEE Signal Processing Magazine}, 
	title={Compressive Privacy: From Information\/Estimation Theory to Machine Learning [Lecture Notes]}, 
	year={2017}, 
	volume={34}, 
	number={1}, 
	pages={94-112}, 
	keywords={Big Data;data privacy;Internet;learning (artificial intelligence);machine learning;Big Data;personal information;data owner knowledge;Internet privacy;online privacy;sensitive data privacy;personal data privacy;Privacy;Data privacy;Entropy;Covariance matrices;Cloud computing;Big data}, 
	doi={10.1109/MSP.2016.2616720}, 
	ISSN={1053-5888}, 
	month={Jan},}

@article{Kung,
	author = {Kung, S.Y.},
	year = {2017},
	month = {07},
	pages = {},
	title = {A Compressive Privacy Approach to Generalized Information Bottleneck and Privacy Funnel Problems},
	volume = {355},
	journal = {Journal of the Franklin Institute},
	doi = {10.1016/j.jfranklin.2017.07.002}
}

@InProceedings{XieKun,
	author= {Xie, Kun
	and Ning, Xueping
	and Wang, Xin
	and Wen, Jigang
	and Liu, Xiaoxiao
	and He, Shiming
	and Zhang, Daqiang",
	editor="Wang, Guojun
	and Zomaya, Albert
	and Martinez, Gregorio
	and Li, Kenli"},
	title={"An Efficient Privacy-Preserving Compressive Data Gathering Scheme in WSNs"},
	booktitle={"Algorithms and Architectures for Parallel Processing"},
	year={"2015"},
	publisher={"Springer International Publishing"},
	address={"Cham"},
	pages={"702--715"},

}

@misc {pauljensen,
	author = {Paul A. Jensen},
	title = {Algorithms for Constrained Optimization},
	howpublished = "\url {https://www.me.utexas.edu/~jensen/ORMM/supplements/units/nlp_methods/const_opt.pdf}",
	urldate = {2019-06-09}
}
